3100 4792
1563 457 1651 530 42

587 649 733 698 mus
769 631 972 699 claros
1018 631 1298 715 LeoneS,
1349 651 1619 719 magnos
1666 630 2031 719 Gregorios.
2082 625 2247 713 Quid
2294 626 2497 699 dicam
2544 629 2626 698 de

585 745 834 814 Gelasio
856 755 919 815 et
941 747 1306 815 Innocentio
1330 747 1436 834 qui
1461 766 1719 814 omnem
1749 746 2135 814 mundanam
2160 745 2621 833 philosophiam

584 879 699 928 sua
737 861 1036 949 sapientia
1083 870 1146 930 et
1187 863 1545 949 eloquentia
1598 869 1898 949 superant
1942 861 2087 928 ἰὴ...
2129 860 2295 942 Quid
2332 861 2451 928 sub
2488 861 2621 927 haec

581 985 868 1062 tempora
911 995 1040 1042 non
1087 975 1410 1043 vidimus?
1456 975 1743 1043 Vidimus
1792 975 2148 1043 Johannem
2196 982 2658 1062 cognomento-

581 1089 993 1157 Octavianum
1028 1090 1090 1156 in
1129 1090 1456 1158 volutabro
1492 1089 1822 1156 libidinum
1856 1097 2291 1157 versatum...
2326 1087 2620 1155 Succedit

580 1207 800 1276 Rornae
845 1210 910 1276 in
957 1209 1320 1296 pontificatu
1372 1208 1755 1277 horrendum
1805 1219 2163 1275 monstrum
2221 1207 2613 1282 Bonifacius,

582 1339 844 1396 cunctos
881 1328 1177 1396 mortales
1215 1328 1488 1415 nequitia
1513 1347 1845 1415 superam,
1872 1327 2063 1395 etiam
2098 1326 2324 1414 prioris
2362 1326 2617 1414 pontifi-

581 1442 672 1512 cis
713 1443 1020 1530 sanguine
1068 1454 1483 1511 cruentus...
1527 1469 1557 1506 ι
1614 1443 1765 1511 lnde
1810 1453 2120 1529 quatenus
2152 1441 2431 1510 ecclesiae
2469 1441 2619 1509 libe·

578 1578 665 1625 rae
702 1579 844 1627 esse
881 1558 1151 1627 debeant
1185 1579 1500 1647 exponere
1537 1558 1823 1648 suscipit.
1857 1583 1892 1622 «
1932 1558 2102 1625 Num
2133 1557 2361 1625 talibus
2394 1578 2617 1625 mons-

576 1675 728 1756 triS‚
788 1675 1118 1742 hominum
1176 1674 1518 1762 ignominia
1566 1673 1801 1761 plenis,
1844 1673 2106 1741 scientia
2154 1672 2505 1740 divinarum
2555 1684 2620 1741 et

575 1789 992 1857 humanarum
1028 1810 1235 1858 rerum
1275 1788 1516 1871 vacuis,
1559 1789 1927 1855 innumeros
1964 1787 2323 1856 sacerdotes
2361 1787 2471 1855 Dei
2504 1807 2619 1875 per

576 1903 794 1970 orbem
831 1914 1161 1987 terrarum,
1188 1904 1448 1972 scientia
1485 1914 1549 1972 et
1583 1903 1727 1969 vitae
1757 1903 1984 1971 merito
2021 1902 2425 1990 conspicuoS‚
2462 1902 2617 1969 sub·

547 2015 677 2109 ‚jici
725 2017 1048 2086 decretum
1095 2030 1192 2088 est
1234 2020 1347 2086 ἱ)...
1399 2018 1562 2100 Quid
1610 2019 1779 2085 hunc
1809 2070 1827 2101 ,
1876 2017 2205 2086 reverendi
2254 2027 2496 2104 patreS‚
2548 2014 2615 2080 in

575 2133 828 2200 sublimi
865 2135 1024 2204 solio
1056 2135 1462 2216 residentem,
1505 2144 1679 2201 veste
1711 2153 2023 2224 purpurea
2057 2144 2120 2200 et
2150 2153 2337 2200 aurea
2369 2133 2613 2199 radian-

572 2260 736 2330 tem;
799 2251 948 2336 quid
1003 2253 1206 2325 hunc,
1271 2251 1564 2336 inquam,
1619 2269 1761 2317 esse
1820 2249 2145 2317 censetis?
2192 2249 2500 2316 Nimirum
2556 2249 2612 2316 si

573 2362 874 2431 charitate
905 2363 1287 2444 destituitur,
1324 2363 1585 2448 solaque
1617 2361 1877 2430 scientia
1908 2362 2163 2430 inflatur
2185 2373 2247 2431 et
2270 2362 2609 2444 extollitur,

572 2475 993 2544 Antichristus
1045 2485 1184 2558 est,·
1229 2477 1294 2544 in
1348 2478 1582 2565 templo
1624 2477 1732 2544 Dei
1779 2477 2008 2545 sedens
2048 2488 2112 2545 et
2148 2498 2219 2545 se
2268 2477 2611 2545 ostendens

570 2601 870 2676 tauquam
908 2589 990 2656 sit
1026 2591 1220 2658 Deus.
1263 2590 1326 2658 Si
1370 2601 1581 2658 autem
1628 2611 1747 2658 nec
1785 2591 2084 2658 charitate
2125 2591 2447 2665 fundatur,
2491 2610 2611 2658 nec

574 2703 832 2771 scientia
862 2704 1152 2792 erigitur,
1192 2705 1257 2771 in
1289 2705 1523 2792 templo
1561 2704 1673 2772 Dei
1706 2715 2002 2792 tanquam
2036 2714 2273 2776 statua.
2310 2714 2611 2791 tanquam

571 2818 813 2886 idolum
849 2811 983 2896 est;
1028 2840 1061 2886 a
1100 2840 1226 2906 quo
1263 2839 1567 2907 responsa
1616 2829 1866 2906 petere,
1917 2839 2232 2887 marmora
2256 2821 2612 2892 ‚consulere

573 2944 755 3002 est...
799 2959 831 2998 x·
885 2935 1104 3002 Romae
1147 2934 1565 3022 ignorantiam
1604 2935 1828 3002 acerbe
1865 2935 2168 3023 increpat.
2219 2961 2253 2999 «
2295 2935 2420 3003 Sed
2461 2954 2609 3002 cum

570 3048 694 3116 hoc
750 3060 1032 3136 tempore
1086 3051 1305 3118 Romae
1364 3050 1575 3116 nullus
1620 3069 1781 3136 pene
1829 3049 1942 3131 sit,
1992 3060 2064 3117 ut
2108 3050 2271 3117 sama
2317 3060 2450 3131 est,
2501 3049 2609 3136 qui

569 3163 807 3233 litteras
845 3166 1152 3248 didicerit,
1195 3165 1332 3234 sine
1369 3165 1624 3252 quibus,
1667 3175 1738 3231 ut
1772 3165 2074 3252 scriptum
2114 3175 2235 3247 est,
2270 3165 2374 3232 vix
2411 3164 2610 3232 ostia-

503 3346 508 3352 ,
569 3278 702 3346 rius
739 3279 1041 3362 efficitur,
1098 3301 1220 3367 qua
1267 3281 1471 3346 fronte
1517 3278 1740 3365 aliquis
1786 3300 2003 3347 eorum
2050 3279 2279 3347 docere
2316 3279 2606 3360 audebit,

569 3395 737 3482 quod
775 3394 1034 3463 minime
1071 3395 1420 3462 didicit‘t...
1466 3419 1500 3456 »
1543 3393 1781 3461 Deinde
1819 3404 2153 3481 postquam
2194 3394 2435 3460 Arnulfi
2473 3393 2611 3460 sin-

566 3512 711 3600 gula
763 3533 1025 3601 quaeque
1064 3513 1324 3580 crimina
1383 3512 1813 3594 confirmavit,
1857 3523 1919 3579 et
1956 3512 2361 3580 defensorum
2418 3490 2610 3581 verba

567 3626 814 3695 curiose
850 3627 1202 3715 perpendit,
1246 3627 1473 3696 iterum
1510 3626 1574 3693 in
1616 3625 1969 3694 Romanam
2008 3625 2223 3694 sedem
2263 3625 2599 3702 invehitur,

567 3751 754 3826 atque
802 3741 884 3808 ita
933 3741 1278 3810 orationem
1328 3740 1617 3808 absolvit.
1671 3741 1812 3808 Jam
1861 3760 2020 3827 pene
2072 3760 2295 3808 omnes
2360 3740 2510 3808 dicit
2568 3761 2603 3808 a

570 3876 866 3944 supremo
899 3856 1191 3944 pontifice
1223 3857 1546 3926 discedere
1585 3881 1707 3924 «...
1749 3856 1873 3925 Sed
1906 3876 1945 3924 o
1977 3855 2245 3948 infelicia
2276 3851 2601 3942 tempora!
