3100 4792
1602 486 1687 555 26

617 657 855 746 ejectus
911 676 1090 737 sum,
1155 675 1316 742 quos
1372 676 1407 722 a
1469 655 1811 743 majoribus
1871 656 2029 722 meis
2086 674 2418 742 possessos
2472 674 2664 722 nemo

618 771 896 851 dubitat,
925 791 1070 838 cum
1111 770 1298 838 frater
1333 790 1462 838 non
1502 770 1623 852 sit,
1654 763 1977 857 neposque
2000 769 2257 848 obierit,
2294 770 2661 857 prolemque

621 885 856 952 nullam
914 883 1398 971 reliquerintY...
1457 884 1756 970 Abjectus
1814 903 1967 970 ergo
2014 893 2078 950 et
2125 883 2339 950 infelix
2384 869 2511 971 quo
2558 903 2662 950 me

620 1003 830 1091 potius
875 1013 1156 1084 vertam,
1209 1023 1354 1070 cum
1405 1002 1594 1070 etiam
1651 1002 1863 1069 omnia
1910 1001 2159 1088 generis
2204 1000 2329 1069 mei
2375 1000 2663 1087 praesidia

621 1120 892 1188 extincta
915 1119 1076 1186 sint?
1098 1117 1273 1200 Quos
1297 1129 1520 1206 praeter
1551 1139 1666 1186 vos
1691 1118 1974 1184 omnium
2005 1118 2415 1184 honestarum
2447 1137 2659 1184 rerum

621 1256 818 1324 egens
847 1235 1192 1322 appellem?
1226 1234 1345 1302 Per
1375 1253 1536 1321 quos
1568 1233 1691 1300 nisi
1722 1253 1834 1320 per
1856 1253 1972 1300 vos
2002 1232 2279 1320 paternis
2312 1230 2659 1299 honoribus

620 1349 974 1416 restituar?.
991 1349 1295 1434 ..Tangat
1313 1367 1423 1415 vos
1446 1346 1653 1433 aliqua
1674 1346 2079 1413 humanitatis
2100 1345 2443 1414 miseratio.
2463 1344 2657 1413 Com-

617 1465 901 1553 patimini
953 1463 1142 1530 tantis
1181 1463 1425 1550 injuriis
1472 1463 1756 1549 fatigato.
1816 1485 1851 1524 »
1902 1461 2027 1529 Sed
2070 1461 2337 1542 frustra,
2395 1461 2657 1548 longum

619 1578 825 1645 foedus
877 1577 1170 1645 oblivioni
1239 1576 1498 1645 dederat
1555 1575 1889 1643 Remensis
1950 1574 2533 1662 Archiepiscopus,
2596 1583 2659 1642 et

625 1716 660 1754 «
701 1691 911 1759 animo
970 1690 1274 1759 immobili
1326 1690 1673 1778 persistens
1715 1714 1749 1752 >2
1804 1689 2014 1757 verbis
2073 1688 2465 1776 gravioribus
2517 1708 2657 1756 res-

618 1805 907 1892 pondet:
971 1828 1002 1867 21
1041 1806 1200 1872 Cum
1250 1803 1519 1892 perjuris
1572 1815 1634 1871 et
1685 1803 2043 1890 sacrilegiS‚
2094 1802 2354 1888 aliisque
2405 1802 2659 1870 nefariis

617 1923 979 1991 hominibus
1016 1923 1152 2011 ipse
1184 1943 1434 2011 semper
1471 1922 1719 1991 deditus
1756 1922 1980 1999 fueris,
2031 1943 2150 1990 nec
2196 1923 2274 1990 ab
2315 1922 2407 1989 eis
2453 1922 2660 1991 adhuc

616 2039 942 2107 discedere
992 2039 1184 2121 veliS‚
1233 2039 1555 2127 quomodo
1612 2059 1725 2126 per
1780 2039 1937 2106 tales
1985 2049 2048 2106 et
2094 2058 2239 2105 cum
2291 2038 2519 2106 talibus
2578 2039 2657 2105 ad

615 2154 1032 2243 principatum
1091 2155 1306 2224 venire
1363 2154 1694 2223 moliris?
1750 2154 2031 2222 Tandem
2097 2154 2235 2222 sine
2299 2155 2654 2243 principum

616 2290 932 2337 consensu
971 2290 1040 2338 se
1078 2290 1267 2358 super
1306 2271 1431 2338 hoc
1459 2268 1614 2366 nihil
1651 2269 1960 2336 facturum
1998 2269 2428 2356 respondem,
2466 2270 2544 2338 ab
2576 2291 2653 2339 eo

618 2383 895 2451 dimotus
934 2395 1032 2450 est
1061 2383 1178 2471 (1).
1225 2408 1258 2446 »
1301 2383 1497 2450 Tanta
1535 2382 1651 2449 suit
1682 2381 2133 2469 archiepiscopi
2176 2383 2540 2460 auctoritas,
2586 2395 2657 2452 ut

617 2497 916 2577 CaroluS‚
953 2497 1132 2584 cujus
1171 2517 1390 2585 preces
1441 2507 1765 2565 aversatus
1809 2507 1973 2577 erat,
2016 2517 2099 2564 ne
2146 2497 2210 2562 in
2270 2511 2653 2568 conventum

617 2613 870 2700 quidem
901 2615 1166 2698 venerit,
1203 2627 1265 2683 et
1307 2642 1340 2679 «
1383 2636 1496 2703 spe
1533 2615 1711 2702 regni
1752 2614 2078 2691 decidens,
2116 2615 2327 2682 animo
2364 2618 2647 2698 turbate,

615 2730 680 2796 in
719 2730 1028 2818 Belgicam
1068 2731 1186 2798 iter
1224 2729 1508 2797 dimovit.
1556 2755 1589 2793 »

705 2845 1014 2932 Tempore
1045 2844 1412 2927 constituto,
1443 2844 1549 2911 ubi
1583 2842 1896 2932 principes
1928 2843 2276 2930 Sylvanecti
2315 2843 2379 2911 in
2412 2844 2651 2912 curiam

616 2977 1011 3040 convenere,
1055 2959 1226 3025 Duce
1288 2969 1639 3040 annuente,
1716 2957 2234 3045 metropolitanus
2302 2957 2652 3027 orationem

619 3075 858 3142 habuit.
897 3076 1202 3163 ¹Regnum
1251 3096 1404 3163 rege
1452 3097 1675 3144 vacare
1712 3075 2019 3163 imprimis
2066 3076 2293 3144 asserit
2332 3097 2349 3144 ε
2404 3103 2437 3136 κ
2480 3077 2650 3144 Divae

615 3189 937 3257 memoriae
978 3189 1293 3258 Ludovico
1339 3190 1475 3258 sine
1526 3190 1740 3259 liberis
1778 3190 1915 3260 orbi
1966 3192 2285 3260 subtracto
2314 3244 2331 3272 ‚
2374 3213 2651 3280 queren-

618 3301 770 3368 dum
830 3303 1024 3369 multa
1083 3303 1529 3372 deliberatione
1584 3304 1698 3371 suit
1756 3304 1862 3390 qui
1918 3304 2054 3392 ejus
2100 3305 2271 3373 vices
2327 3305 2391 3373 in
2448 3326 2652 3394 regno

619 3417 970 3502 suppleret,
1012 3436 1092 3485 ne
1126 3438 1226 3484 res
1273 3417 1546 3504 publica,
1584 3419 1821 3505 absque
1860 3419 2279 3506 gubernatore
2324 3421 2647 3508 neglecta,

617 3531 1117 3601 labefactaretur.
1187 3558 1220 3610 n
1284 3533 1516 3601 Contra
1581 3532 1689 3620 jus
1756 3533 2197 3603 hereditarium
2259 3546 2568 3624 repugnat
2628 3557 2645 3604 z

691 3799 761 3872 (1)
792 3800 1084 3867 Richerius,
1109 3801 1293 3868 lib.1v,
1327 3818 1435 3873 cap.
1465 3802 1498 3856 9
1527 3808 1577 3857 et
1609 3802 1693 3858 10.
1718 3801 1796 3859 Cf.
1824 3801 2099 3874 Epistolam
2130 3803 2455 3859 Adalberonis
2482 3804 2647 3860 eidem

615 3895 792 3953 Carolo
820 3896 1115 3969 inscriptam
1143 3900 1273 3970 apud
1303 3917 1401 3956 rer.
1431 3899 1608 3956 Gallic.
1638 3899 1927 3972 scriptores,
1956 3891 1995 3956 ἱ.
2026 3916 2083 3969 x,
2116 3918 2165 3973 p.
2195 3896 2321 3957 394.
