3100 4792
1572 457 1659 524 24

596 626 845 694 ceribus
903 625 1094 714 igitur
1153 625 1217 692 in
1285 645 1484 692 unum
1544 624 1941 704 convocatis,
2018 649 2047 684 α
2109 625 2245 692 Dux
2302 625 2395 693 sic
2452 646 2639 694 orsus

595 740 783 828 coepit
824 763 838 808 :
882 741 1007 809 huc
1045 761 1121 809 ex
1160 741 1316 809 locis
1365 740 1631 808 diversis
1670 740 1845 827 regio
1883 740 2068 828 jussu
2107 741 2344 822 vocati,
2388 742 2466 808 ad
2504 743 2639 812 dis-

595 855 959 923 cutiendum
1013 877 1088 924 ea
1151 877 1290 944 quae
1339 877 1592 924 summo
1640 856 1918 944 pontifici
1965 856 2344 925 Adalberoni
2395 858 2639 946 objecta

595 983 777 1055 sunt,
814 974 1009 1041 multa
1048 974 1206 1056 fide,
1247 985 1317 1042 ut
1355 986 1540 1063 puto,
1585 974 1993 1042 convenistis.
2031 974 2156 1042 Sed
2193 974 2351 1042 ‹livae
2388 997 2639 1044 memo-

595 1087 703 1153 riae
751 1107 861 1155 rex
901 1087 1006 1174 qui
1059 1088 1455 1171 intendebat,
1498 1089 1795 1176 quoniam
1846 1089 1967 1156 hac
2001 1089 2126 1156 vita
2177 1090 2457 1178 privatus
2500 1103 2631 1173 est,

595 1203 1038 1272 controversiae
1077 1216 1308 1272 statum
1345 1205 1530 1273 nobis
1564 1204 2026 1272 discutiendum
2064 1205 2335 1292 reliquit.
2379 1204 2444 1273 Si
2483 1227 2637 1294 ergo

594 1328 820 1406 praeter
857 1341 1005 1388 eum
1044 1332 1141 1388 est
1178 1321 1284 1407 qui
1321 1321 1647 1389 intendere
1684 1320 1934 1402 audeat,
1976 1339 2179 1406 coque
2211 1321 2423 1390 animo
2444 1322 2633 1408 valet,

596 1443 664 1501 ut
709 1436 1131 1523 exsequendae
1173 1437 1298 1504 litis
1342 1446 1585 1525 partem
1632 1435 1917 1524 arripiat,
1972 1435 2133 1503 adsit
2182 1457 2431 1519 coram,
2486 1437 2637 1524 quid

594 1552 824 1620 sentiat
855 1551 1095 1635 edicat,
1133 1552 1288 1620 nibil
1325 1564 1619 1621 metuens
1656 1552 1986 1621 criminato
2032 1551 2335 1619 intendat.
2382 1552 2447 1619 Si
2487 1573 2637 1620 vera

593 1667 906 1754 proferat,
969 1668 1110 1756 ejus
1163 1671 1502 1738 verborum
1564 1670 2012 1760 approbatores
2069 1687 2189 1735 nos
2246 1669 2383 1736 sine
2442 1669 2639 1738 dubio

594 1780 903 1864 habebit3
971 1783 1137 1868 quod
1201 1784 1252 1850 si
1315 1784 1731 1852 calumniator
1790 1783 1946 1851 salse
2006 1783 2347 1864 confinxit,
2412 1804 2635 1852 vocem

594 1899 976 1986 supprimat,
1019 1921 1102 1968 ne
1134 1902 1290 1968 tanti
1327 1901 1627 1968 facinoris
1675 1911 1937 1988 argutus
1975 1919 2196 1988 poenas
2241 1899 2467 1968 solvat.
2514 1901 2637 1969 Ter

594 2012 1008 2081 acclamatum
1059 2025 1194 2094 est,
1242 2026 1314 2082 ut
1358 2015 1599 2083 delator
1634 2014 2036 2102 procederet,
2086 2024 2183 2080 ter
2221 2013 2299 2080 ab
2339 2014 2635 2082 omnibus

593 2137 893 2214 negatum
935 2139 1056 2196 est.
1101 2154 1134 2193 ›>
1169 2129 1374 2196 Nemo
1412 2129 1616 2209 enim,
1653 2148 1803 2216 rege
1840 2138 2127 2214 excepto,
2165 2126 2634 2215 archiepiscopo

593 2241 1066 2322 adversabatur,
1105 2243 1335 2331 quippe
1371 2242 1472 2310 cui
1505 2243 1642 2308 Dux
1682 2242 2175 2329 patrocinaretur
2211 2239 2391 2326 cujus
2421 2251 2633 2308 aucto-

592 2357 758 2423 ritati
806 2357 1018 2425 nullus
1069 2377 1221 2425 sane
1269 2356 1579 2424 obsistere
1624 2355 1839 2422 valuit.
1900 2378 1930 2416 α
1972 2355 2110 2420 Dux
2150 2353 2359 2440 itaque
2402 2353 2630 2421 iterum

589 2479 841 2545 locutus
874 2487 971 2544 est
1008 2498 1024 2543 :
1069 2477 1123 2545 si
1155 2477 1233 2545 lis
1257 2477 1388 2565 jam
1423 2476 1670 2550 cecidit,
1708 2475 1851 2563 quia
1884 2475 1990 2562 qui
2025 2473 2306 2542 intendat
2338 2494 2465 2542 uon
2504 2486 2624 2556 est,

588 2591 1104 2680 metropolitano.
1178 2605 1250 2660 ut
1311 2603 1459 2680 pote
1517 2591 1652 2658 viro
1710 2591 1903 2658 nobili
1962 2600 2023 2658 et
2080 2589 2273 2656 multa
2327 2590 2631 2677 sapientia

585 2707 837 2788 inclit0,
895 2708 1246 2775 cedendum
1299 2719 1419 2776 est.
1470 2709 1570 2776 Ab
1613 2708 1733 2774 hac
1782 2727 1937 2794 ergo
1984 2705 2333 2792 suspitione
2378 2707 2629 2793 penitus

581 2821 925 2902 discedite,
969 2842 1418 2910 summumque
1455 2821 1787 2910 praesulem
1826 2821 2024 2888 multo
2055 2822 2296 2890 honore
2334 2821 2635 2888 excolite.-

583 2935 752 3018 Quid
805 2935 972 3003 enim
1031 2935 1288 3022 prodest
1345 2935 1759 3022 suspitionem
1818 2934 2085 3014 hahere,
2135 2932 2237 3000 cui
2286 2932 2351 2998 in
2394 2932 2628 3018 judicio

585 3069 720 3115 non
776 3049 950 3116 fuere
995 3048 1160 3116 vires
1198 3049 1533 3136 quicquam
1568 3047 1799 3115 dicere.
1848 3071 1882 3109 »
1932 3046 2037 3114 Sic
2084 3045 2345 3113 crimine
2382 3047 2633 3124 solutus,

587 3165 652 3230 in
720 3165 1049 3250 pristinam
1109 3163 1477 3251 dignitatem
1541 3161 1889 3229 restituitur
1956 3160 2289 3228 Adalbero.
2360 3184 2393 3222 «
2456 3160 2627 3246 Ergo

579 3293 840 3346 summo
889 3277 1212 3350 Pontifici,
1268 3277 1397 3344 dux
1454 3276 1838 3362 reliquorum
1885 3274 2221 3362 primatum
2271 3293 2621 3348 consensu,

579 3396 1007 3483 exsequendae
1046 3394 1307 3462 rationis
1344 3396 1651 3462 honorem
1688 3392 1767 3460 de
1808 3390 2065 3458 utilitate
2102 3389 2280 3477 regni
2319 3389 2621 3468 attribuit,

577 3531 666 3577 eo
682 3510 850 3597 quod
875 3510 1012 3597 ipse
1027 3509 1378 3576 divinarum
1399 3520 1462 3576 et
1485 3509 1901 3575 humanarum
1925 3526 2135 3572 rerum
2152 3503 2408 3572 scientia
2428 3504 2627 3572 excel-

583 3623 769 3702 leret,
813 3634 998 3709 atque
1037 3622 1341 3690 facundiae
1378 3621 1745 3690 efficacitate
1782 3619 2121 3707 plurimum
2156 3618 2412 3686 valeret.
2456 3619 2543 3709 (1)
2584 3643 2618 3682 »

655 3911 732 3982 (1)
760 3908 1029 3964 Richerius
1051 3953 1063 3975 ,
1093 3909 1183 3964 lib.
1218 3923 1292 3976 lv,
1325 3927 1433 3981 cap.
1467 3910 1500 3964 6
1529 3914 1581 3963 et
1610 3885 1663 3963 7]
