<?xml version="1.0" encoding="UTF-8"?>
<!DOCTYPE html PUBLIC "-//W3C//DTD XHTML 1.0 Transitional//EN"
    "http://www.w3.org/TR/xhtml1/DTD/xhtml1-transitional.dtd">
<html xmlns="http://www.w3.org/1999/xhtml" xml:lang="en" lang="en">
 <head>
  <title>
</title>
<meta http-equiv="Content-Type" content="text/html;charset=utf-8" />
  <meta name='ocr-system' content='tesseract 3.04.00' />
  <meta name='ocr-capabilities' content='ocr_page ocr_carea ocr_par ocr_line ocrx_word'/>
</head>
<body>
  <div class='ocr_page' id='page_1' title='image "./quaepartesfueri00mourgoog_0019.png"; bbox 0 0 3100 4792; ppageno 0'>
   <div class='ocr_carea' id='block_1_1' title="bbox 1446 441 1524 510">
    <p class='ocr_par' dir='ltr' id='par_1_1' title="bbox 1446 441 1524 510">
     <span class='ocr_line' id='line_1_1' title="bbox 1446 441 1524 510; baseline 0.038 -3"><span class='ocrx_word' id='word_1_1' title='bbox 1446 441 1524 510; x_wconf 84' lang='lat'><strong>15</strong></span> 
     </span>
    </p>
   </div>
   <div class='ocr_carea' id='block_1_2' title="bbox 455 603 2505 3128">
    <p class='ocr_par' dir='ltr' id='par_1_2' title="bbox 460 603 2505 1850">
     <span class='ocr_line' id='line_1_2' title="bbox 463 603 2505 694; baseline -0 -21"><span class='ocrx_word' id='word_1_2' title='bbox 463 606 605 674; x_wconf 86' lang='lat' dir='ltr'><strong>fridi</strong></span> <span class='ocrx_word' id='word_1_3' title='bbox 630 606 853 689; x_wconf 88' lang='lat' dir='ltr'><strong>filium,</strong></span> <span class='ocrx_word' id='word_1_4' title='bbox 878 606 1076 674; x_wconf 88' lang='lat' dir='ltr'><strong>invito</strong></span> <span class='ocrx_word' id='word_1_5' title='bbox 1103 603 1420 678; x_wconf 87' lang='lat' dir='ltr'><strong>Lothario‚</strong></span> <span class='ocrx_word' id='word_1_6' title='bbox 1443 604 1841 686; x_wconf 84' lang='lat' dir='ltr'><strong>sacravisset‚</strong></span> <span class='ocrx_word' id='word_1_7' title='bbox 1862 624 1935 672; x_wconf 89' lang='lat' dir='ltr'><strong>ea</strong></span> <span class='ocrx_word' id='word_1_8' title='bbox 1956 605 2033 672; x_wconf 93' lang='lat' dir='ltr'><strong>de</strong></span> <span class='ocrx_word' id='word_1_9' title='bbox 2056 625 2124 672; x_wconf 91' lang='lat' dir='ltr'><strong>re</strong></span> <span class='ocrx_word' id='word_1_10' title='bbox 2145 624 2214 672; x_wconf 93' lang='lat' dir='ltr'><strong>se</strong></span> <span class='ocrx_word' id='word_1_11' title='bbox 2234 625 2505 694; x_wconf 83' lang='lat' dir='ltr'><strong>purgare</strong></span> 
     </span>
     <span class='ocr_line' id='line_1_3' title="bbox 463 717 2505 802; baseline -0.001 -14"><span class='ocrx_word' id='word_1_12' title='bbox 463 730 752 802; x_wconf 82' lang='lat' dir='ltr'><strong>conatur,</strong></span> <span class='ocrx_word' id='word_1_13' title='bbox 788 730 851 788; x_wconf 86' lang='lat' dir='ltr'><strong>et</strong></span> <span class='ocrx_word' id='word_1_14' title='bbox 883 739 1000 788; x_wconf 92' lang='lat' dir='ltr'><strong>suo</strong></span> <span class='ocrx_word' id='word_1_15' title='bbox 1029 720 1106 787; x_wconf 88' lang='lat' dir='ltr'><strong>ah</strong></span> <span class='ocrx_word' id='word_1_16' title='bbox 1131 718 1336 786; x_wconf 87' lang='lat' dir='ltr'><strong>officio</strong></span> <span class='ocrx_word' id='word_1_17' title='bbox 1358 737 1486 785; x_wconf 94' lang='lat' dir='ltr'><strong>non</strong></span> <span class='ocrx_word' id='word_1_18' title='bbox 1505 717 1879 786; x_wconf 84' lang='lat' dir='ltr'><strong>discessisse</strong></span> <span class='ocrx_word' id='word_1_19' title='bbox 1894 719 2237 787; x_wconf 85' lang='lat' dir='ltr'>contendit.</span> <span class='ocrx_word' id='word_1_20' title='bbox 2278 744 2398 786; x_wconf 71' lang='grc' dir='ltr'><strong>α...</strong></span> <span class='ocrx_word' id='word_1_21' title='bbox 2426 720 2505 786; x_wconf 86' lang='lat' dir='ltr'><strong>Et</strong></span> 
     </span>
     <span class='ocr_line' id='line_1_4' title="bbox 463 835 2496 923; baseline 0 -20"><span class='ocrx_word' id='word_1_22' title='bbox 463 837 609 922; x_wconf 89' lang='lat' dir='ltr'><strong>quia</strong></span> <span class='ocrx_word' id='word_1_23' title='bbox 639 857 752 906; x_wconf 86' lang='lat' dir='ltr'><strong>rex</strong></span> <span class='ocrx_word' id='word_1_24' title='bbox 777 837 1050 905; x_wconf 85' lang='lat' dir='ltr'><strong>coelestis</strong></span> <span class='ocrx_word' id='word_1_25' title='bbox 1073 836 1224 903; x_wconf 89' lang='lat' dir='ltr'><strong>dicit</strong></span> <span class='ocrx_word' id='word_1_26' title='bbox 1261 858 1275 902; x_wconf 72' lang='grc' dir='ltr'><strong><em>ε</em></strong></span> <span class='ocrx_word' id='word_1_27' title='bbox 1319 835 1561 904; x_wconf 85' lang='lat' dir='ltr'><strong>reddite</strong></span> <span class='ocrx_word' id='word_1_28' title='bbox 1592 857 1731 923; x_wconf 90' lang='lat' dir='ltr'><strong>quae</strong></span> <span class='ocrx_word' id='word_1_29' title='bbox 1765 848 1913 904; x_wconf 85' lang='lat' dir='ltr'><strong>sunt</strong></span> <span class='ocrx_word' id='word_1_30' title='bbox 1947 837 2210 905; x_wconf 77' lang='lat' dir='ltr'><strong>Caesaris</strong></span> <span class='ocrx_word' id='word_1_31' title='bbox 2242 838 2496 919; x_wconf 62' lang='lat' dir='ltr'><strong>Caesari,</strong></span> 
     </span>
     <span class='ocr_line' id='line_1_5' title="bbox 463 951 2498 1041; baseline 0 -22"><span class='ocrx_word' id='word_1_32' title='bbox 463 973 602 1041; x_wconf 86' lang='lat' dir='ltr'><strong>quae</strong></span> <span class='ocrx_word' id='word_1_33' title='bbox 640 964 788 1019; x_wconf 88' lang='lat' dir='ltr'><strong>sunt</strong></span> <span class='ocrx_word' id='word_1_34' title='bbox 823 952 934 1020; x_wconf 90' lang='lat' dir='ltr'><strong>Dei</strong></span> <span class='ocrx_word' id='word_1_35' title='bbox 969 953 1126 1034; x_wconf 80' lang='lat' dir='ltr'><strong>Deo,</strong></span> <span class='ocrx_word' id='word_1_36' title='bbox 1167 951 1403 1019; x_wconf 87' lang='lat' dir='ltr'><strong>nostris</strong></span> <span class='ocrx_word' id='word_1_37' title='bbox 1448 951 1694 1038; x_wconf 83' lang='lat' dir='ltr'><strong>legibus</strong></span> <span class='ocrx_word' id='word_1_38' title='bbox 1744 971 1965 1038; x_wconf 90' lang='lat' dir='ltr'><strong>puram</strong></span> <span class='ocrx_word' id='word_1_39' title='bbox 2003 951 2227 1033; x_wconf 81' lang='lat' dir='ltr'><strong>fidem,</strong></span> <span class='ocrx_word' id='word_1_40' title='bbox 2269 972 2498 1039; x_wconf 86' lang='lat' dir='ltr'><strong>purum</strong></span> 
     </span>
     <span class='ocr_line' id='line_1_6' title="bbox 465 1069 2500 1158; baseline 0 -21"><span class='ocrx_word' id='word_1_41' title='bbox 465 1070 782 1137; x_wconf 86' lang='lat' dir='ltr'><strong>servitutis</strong></span> <span class='ocrx_word' id='word_1_42' title='bbox 827 1070 1200 1158; x_wconf 89' lang='lat' dir='ltr'><strong>obsequium</strong></span> <span class='ocrx_word' id='word_1_43' title='bbox 1238 1090 1488 1157; x_wconf 87' lang='lat' dir='ltr'><strong>semper</strong></span> <span class='ocrx_word' id='word_1_44' title='bbox 1536 1069 2008 1157; x_wconf 76' lang='lat' dir='ltr'><strong>impendemuS‚</strong></span> <span class='ocrx_word' id='word_1_45' title='bbox 2050 1071 2115 1136; x_wconf 90' lang='lat' dir='ltr'><strong>in</strong></span> <span class='ocrx_word' id='word_1_46' title='bbox 2160 1071 2333 1138; x_wconf 91' lang='lat' dir='ltr'><strong>nullo</strong></span> <span class='ocrx_word' id='word_1_47' title='bbox 2384 1071 2500 1138; x_wconf 87' lang='lat' dir='ltr'><strong>de-</strong></span> 
     </span>
     <span class='ocr_line' id='line_1_7' title="bbox 462 1182 2499 1270; baseline 0 -20"><span class='ocrx_word' id='word_1_48' title='bbox 462 1182 806 1266; x_wconf 76' lang='lat' dir='ltr'><strong>viabimuS‚</strong></span> <span class='ocrx_word' id='word_1_49' title='bbox 851 1183 1098 1252; x_wconf 88' lang='lat' dir='ltr'><strong>Domini</strong></span> <span class='ocrx_word' id='word_1_50' title='bbox 1157 1195 1368 1250; x_wconf 86' lang='lat' dir='ltr'><strong>tamen</strong></span> <span class='ocrx_word' id='word_1_51' title='bbox 1427 1193 1637 1270; x_wconf 84' lang='lat' dir='ltr'><strong>partes</strong></span> <span class='ocrx_word' id='word_1_52' title='bbox 1692 1182 1935 1270; x_wconf 86' lang='lat' dir='ltr'><strong>priores</strong></span> <span class='ocrx_word' id='word_1_53' title='bbox 1993 1183 2319 1252; x_wconf 68' lang='lat' dir='ltr'><strong>faciemus.</strong></span> <span class='ocrx_word' id='word_1_54' title='bbox 2374 1184 2499 1253; x_wconf 88' lang='lat' dir='ltr'><strong>Sed</strong></span> 
     </span>
     <span class='ocr_line' id='line_1_8' title="bbox 463 1296 2499 1386; baseline 0.002 -23"><span class='ocrx_word' id='word_1_55' title='bbox 463 1296 758 1384; x_wconf 89' lang='lat' dir='ltr'><strong>quoniam</strong></span> <span class='ocrx_word' id='word_1_56' title='bbox 807 1318 947 1384; x_wconf 89' lang='lat' dir='ltr'><strong>quae</strong></span> <span class='ocrx_word' id='word_1_57' title='bbox 995 1297 1244 1365; x_wconf 89' lang='lat' dir='ltr'><strong>Domini</strong></span> <span class='ocrx_word' id='word_1_58' title='bbox 1293 1307 1442 1366; x_wconf 86' lang='lat' dir='ltr'><strong>sunt</strong></span> <span class='ocrx_word' id='word_1_59' title='bbox 1488 1298 1611 1365; x_wconf 91' lang='lat' dir='ltr'><strong>hoc</strong></span> <span class='ocrx_word' id='word_1_60' title='bbox 1654 1307 1939 1384; x_wconf 87' lang='lat' dir='ltr'><strong>tempore</strong></span> <span class='ocrx_word' id='word_1_61' title='bbox 1975 1298 2159 1385; x_wconf 90' lang='lat' dir='ltr'><strong>pauci</strong></span> <span class='ocrx_word' id='word_1_62' title='bbox 2205 1298 2499 1386; x_wconf 90' lang='lat' dir='ltr'><strong>provide-</strong></span> 
     </span>
     <span class='ocr_line' id='line_1_9' title="bbox 461 1418 2499 1507; baseline 0.003 -24"><span class='ocrx_word' id='word_1_63' title='bbox 461 1430 646 1499; x_wconf 81' lang='lat' dir='ltr'><strong>runt,</strong></span> <span class='ocrx_word' id='word_1_64' title='bbox 684 1419 736 1486; x_wconf 91' lang='lat' dir='ltr'><strong>si</strong></span> <span class='ocrx_word' id='word_1_65' title='bbox 775 1420 1026 1506; x_wconf 89' lang='lat' dir='ltr'><strong>quando</strong></span> <span class='ocrx_word' id='word_1_66' title='bbox 1063 1419 1269 1507; x_wconf 85' lang='lat' dir='ltr'><strong>legem</strong></span> <span class='ocrx_word' id='word_1_67' title='bbox 1316 1418 1568 1487; x_wconf 90' lang='lat' dir='ltr'><strong>Domini</strong></span> <span class='ocrx_word' id='word_1_68' title='bbox 1606 1418 1916 1499; x_wconf 79' lang='lat' dir='ltr'><strong>zelamus,</strong></span> <span class='ocrx_word' id='word_1_69' title='bbox 1959 1429 2067 1486; x_wconf 89' lang='lat' dir='ltr'><strong>aut</strong></span> <span class='ocrx_word' id='word_1_70' title='bbox 2102 1421 2359 1507; x_wconf 89' lang='lat' dir='ltr'><strong>perfidia</strong></span> <span class='ocrx_word' id='word_1_71' title='bbox 2392 1432 2499 1489; x_wconf 88' lang='lat' dir='ltr'><strong>aut</strong></span> 
     </span>
     <span class='ocr_line' id='line_1_10' title="bbox 462 1532 2492 1624; baseline 0.001 -25"><span class='ocrx_word' id='word_1_72' title='bbox 462 1532 583 1600; x_wconf 93' lang='lat' dir='ltr'><strong>alio</strong></span> <span class='ocrx_word' id='word_1_73' title='bbox 615 1533 892 1621; x_wconf 86' lang='lat' dir='ltr'><strong>quolibet</strong></span> <span class='ocrx_word' id='word_1_74' title='bbox 922 1535 1072 1602; x_wconf 86' lang='lat' dir='ltr'><strong>vitio</strong></span> <span class='ocrx_word' id='word_1_75' title='bbox 1101 1535 1476 1602; x_wconf 83' lang='lat' dir='ltr'><strong>denotamur</strong></span> <span class='ocrx_word' id='word_1_76' title='bbox 1512 1556 1527 1600; x_wconf 90' lang='lat'>:</span> <span class='ocrx_word' id='word_1_77' title='bbox 1566 1553 1769 1619; x_wconf 89' lang='lat' dir='ltr'><strong>eoque</strong></span> <span class='ocrx_word' id='word_1_78' title='bbox 1807 1533 1875 1600; x_wconf 87' lang='lat' dir='ltr'><strong>fit</strong></span> <span class='ocrx_word' id='word_1_79' title='bbox 1904 1544 1975 1600; x_wconf 90' lang='lat' dir='ltr'><strong>ut</strong></span> <span class='ocrx_word' id='word_1_80' title='bbox 2004 1533 2096 1620; x_wconf 86' lang='lat' dir='ltr'><strong>(ut</strong></span> <span class='ocrx_word' id='word_1_81' title='bbox 2130 1554 2204 1602; x_wconf 88' lang='lat' dir='ltr'><strong>ea</strong></span> <span class='ocrx_word' id='word_1_82' title='bbox 2242 1532 2492 1624; x_wconf 85' lang='lat' dir='ltr'><strong>dicam),</strong></span> 
     </span>
     <span class='ocr_line' id='line_1_11' title="bbox 460 1645 2497 1735; baseline 0.002 -23"><span class='ocrx_word' id='word_1_83' title='bbox 460 1646 624 1715; x_wconf 88' lang='lat' dir='ltr'><strong>inter</strong></span> <span class='ocrx_word' id='word_1_84' title='bbox 659 1649 952 1717; x_wconf 91' lang='lat' dir='ltr'><strong>malleum</strong></span> <span class='ocrx_word' id='word_1_85' title='bbox 991 1660 1055 1718; x_wconf 90' lang='lat' dir='ltr'><strong>et</strong></span> <span class='ocrx_word' id='word_1_86' title='bbox 1091 1645 1382 1716; x_wconf 79' lang='lat' dir='ltr'><strong>incudem</strong></span> <span class='ocrx_word' id='word_1_87' title='bbox 1420 1647 1681 1735; x_wconf 79' lang='lat' dir='ltr'><strong>positiS,</strong></span> <span class='ocrx_word' id='word_1_88' title='bbox 1719 1647 1858 1714; x_wconf 90' lang='lat' dir='ltr'><strong>sine</strong></span> <span class='ocrx_word' id='word_1_89' title='bbox 1900 1646 2136 1734; x_wconf 82' lang='lat' dir='ltr'><strong>iactura</strong></span> <span class='ocrx_word' id='word_1_90' title='bbox 2175 1647 2398 1714; x_wconf 83' lang='lat' dir='ltr'><strong>animae</strong></span> <span class='ocrx_word' id='word_1_91' title='bbox 2434 1659 2497 1716; x_wconf 92' lang='lat' dir='ltr'><strong>et</strong></span> 
     </span>
     <span class='ocr_line' id='line_1_12' title="bbox 461 1759 1905 1850; baseline -0.001 -24"><span class='ocrx_word' id='word_1_92' title='bbox 461 1760 742 1848; x_wconf 86' lang='lat' dir='ltr'><strong>corporis</strong></span> <span class='ocrx_word' id='word_1_93' title='bbox 779 1783 926 1850; x_wconf 88' lang='lat' dir='ltr'><strong>spes</strong></span> <span class='ocrx_word' id='word_1_94' title='bbox 964 1763 1265 1830; x_wconf 86' lang='lat' dir='ltr'><strong>evadendi</strong></span> <span class='ocrx_word' id='word_1_95' title='bbox 1299 1761 1381 1829; x_wconf 92' lang='lat' dir='ltr'><strong>sit</strong></span> <span class='ocrx_word' id='word_1_96' title='bbox 1417 1761 1683 1829; x_wconf 84' lang='lat' dir='ltr'><strong>difficilis</strong></span> <span class='ocrx_word' id='word_1_97' title='bbox 1724 1759 1835 1850; x_wconf 87' lang='grc'>(1).</span> <span class='ocrx_word' id='word_1_98' title='bbox 1875 1786 1905 1825; x_wconf 75' lang='lat' dir='ltr'><strong>x·</strong></span> 
     </span>
    </p>

    <p class='ocr_par' dir='ltr' id='par_1_3' title="bbox 455 1877 2494 3128">
     <span class='ocr_line' id='line_1_13' title="bbox 549 1877 2494 1967; baseline 0.002 -24"><span class='ocrx_word' id='word_1_99' title='bbox 549 1877 860 1946; x_wconf 83' lang='lat' dir='ltr'><strong>Adalbero</strong></span> <span class='ocrx_word' id='word_1_100' title='bbox 893 1879 1229 1967; x_wconf 89' lang='lat' dir='ltr'><strong>sociusque</strong></span> <span class='ocrx_word' id='word_1_101' title='bbox 1252 1878 1618 1960; x_wconf 83' lang='lat' dir='ltr'><strong>GerhertuS‚</strong></span> <span class='ocrx_word' id='word_1_102' title='bbox 1646 1877 1797 1944; x_wconf 89' lang='lat' dir='ltr'><strong>dum</strong></span> <span class='ocrx_word' id='word_1_103' title='bbox 1826 1897 2072 1945; x_wconf 89' lang='lat' dir='ltr'><strong>summa</strong></span> <span class='ocrx_word' id='word_1_104' title='bbox 2096 1877 2494 1947; x_wconf 81' lang='lat' dir='ltr'><strong>simulatione</strong></span> 
     </span>
     <span class='ocr_line' id='line_1_14' title="bbox 458 1989 2493 2077; baseline 0 -22"><span class='ocrx_word' id='word_1_105' title='bbox 458 1989 718 2057; x_wconf 79' lang='lat' dir='ltr'><strong>insidias</strong></span> <span class='ocrx_word' id='word_1_106' title='bbox 769 2000 1023 2077; x_wconf 83' lang='lat' dir='ltr'><strong>parant,</strong></span> <span class='ocrx_word' id='word_1_107' title='bbox 1081 1990 1394 2058; x_wconf 84' lang='lat' dir='ltr'><strong>Othonem</strong></span> <span class='ocrx_word' id='word_1_108' title='bbox 1446 1991 1512 2058; x_wconf 91' lang='lat' dir='ltr'><strong>in</strong></span> <span class='ocrx_word' id='word_1_109' title='bbox 1564 2011 1762 2077; x_wconf 86' lang='lat' dir='ltr'><strong>regno</strong></span> <span class='ocrx_word' id='word_1_110' title='bbox 1815 1991 1934 2058; x_wconf 87' lang='lat' dir='ltr'><strong>sub</strong></span> <span class='ocrx_word' id='word_1_111' title='bbox 1981 1991 2172 2058; x_wconf 87' lang='lat' dir='ltr'><strong>tutela</strong></span> <span class='ocrx_word' id='word_1_112' title='bbox 2218 1991 2493 2058; x_wconf 90' lang='lat' dir='ltr'><strong>Lotharii</strong></span> 
     </span>
     <span class='ocr_line' id='line_1_15' title="bbox 458 2103 2492 2193; baseline 0.001 -24"><span class='ocrx_word' id='word_1_113' title='bbox 458 2103 697 2174; x_wconf 89' lang='lat' dir='ltr'><strong>institui</strong></span> <span class='ocrx_word' id='word_1_114' title='bbox 750 2123 819 2171; x_wconf 87' lang='lat' dir='ltr'><strong>se</strong></span> <span class='ocrx_word' id='word_1_115' title='bbox 855 2105 1013 2173; x_wconf 88' lang='lat' dir='ltr'><strong>velle</strong></span> <span class='ocrx_word' id='word_1_116' title='bbox 1059 2105 1327 2192; x_wconf 83' lang='lat' dir='ltr'><strong>fingunt.</strong></span> <span class='ocrx_word' id='word_1_117' title='bbox 1378 2131 1412 2169; x_wconf 76' lang='grc' dir='ltr'>α</span> <span class='ocrx_word' id='word_1_118' title='bbox 1463 2105 1728 2186; x_wconf 80' lang='lat' dir='ltr'><strong>Quantis</strong></span> <span class='ocrx_word' id='word_1_119' title='bbox 1776 2105 2293 2193; x_wconf 78' lang='lat' dir='ltr'><strong>occupationibus</strong></span> <span class='ocrx_word' id='word_1_120' title='bbox 2337 2105 2492 2173; x_wconf 89' lang='lat' dir='ltr'><strong>Rei-</strong></span> 
     </span>
     <span class='ocr_line' id='line_1_16' title="bbox 458 2216 2493 2305; baseline 0.001 -20"><span class='ocrx_word' id='word_1_121' title='bbox 458 2216 720 2305; x_wconf 86' lang='lat' dir='ltr'><strong>publicae</strong></span> <span class='ocrx_word' id='word_1_122' title='bbox 778 2218 1127 2286; x_wconf 87' lang='lat' dir='ltr'><strong>detineatur</strong></span> <span class='ocrx_word' id='word_1_123' title='bbox 1182 2230 1422 2303; x_wconf 88' lang='lat' dir='ltr'><strong>noster,</strong></span> <span class='ocrx_word' id='word_1_124' title='bbox 1481 2230 1554 2288; x_wconf 89' lang='lat' dir='ltr'><strong>ut</strong></span> <span class='ocrx_word' id='word_1_125' title='bbox 1610 2220 1694 2287; x_wconf 89' lang='lat' dir='ltr'><strong>ita</strong></span> <span class='ocrx_word' id='word_1_126' title='bbox 1752 2220 2069 2302; x_wconf 82' lang='lat' dir='ltr'><strong>dicamus,</strong></span> <span class='ocrx_word' id='word_1_127' title='bbox 2133 2218 2493 2288; x_wconf 88' lang='lat' dir='ltr'><strong>fiduciarius</strong></span> 
     </span>
     <span class='ocr_line' id='line_1_17' title="bbox 455 2332 2493 2423; baseline 0.002 -25"><span class='ocrx_word' id='word_1_128' title='bbox 455 2342 632 2419; x_wconf 90' lang='lat' dir='ltr'><strong>pater</strong></span> <span class='ocrx_word' id='word_1_129' title='bbox 669 2332 980 2401; x_wconf 87' lang='lat' dir='ltr'><strong>Adalbero</strong></span> <span class='ocrx_word' id='word_1_130' title='bbox 1011 2345 1074 2401; x_wconf 92' lang='lat' dir='ltr'><strong>et</strong></span> <span class='ocrx_word' id='word_1_131' title='bbox 1109 2334 1366 2402; x_wconf 84' lang='lat' dir='ltr'><strong>tarditas</strong></span> <span class='ocrx_word' id='word_1_132' title='bbox 1404 2335 1594 2423; x_wconf 88' lang='lat' dir='ltr'><strong>hujus</strong></span> <span class='ocrx_word' id='word_1_133' title='bbox 1630 2335 1816 2422; x_wconf 83' lang='lat' dir='ltr'><strong>legati</strong></span> <span class='ocrx_word' id='word_1_134' title='bbox 1852 2335 2085 2401; x_wconf 89' lang='lat' dir='ltr'><strong>indicat</strong></span> <span class='ocrx_word' id='word_1_135' title='bbox 2120 2344 2185 2402; x_wconf 87' lang='lat' dir='ltr'><strong>et</strong></span> <span class='ocrx_word' id='word_1_136' title='bbox 2213 2354 2493 2421; x_wconf 87' lang='lat' dir='ltr'><strong>praesens</strong></span> 
     </span>
     <span class='ocr_line' id='line_1_18' title="bbox 456 2446 2493 2539; baseline 0.003 -25"><span class='ocrx_word' id='word_1_137' title='bbox 456 2446 534 2514; x_wconf 90' lang='lat' dir='ltr'><strong>ab</strong></span> <span class='ocrx_word' id='word_1_138' title='bbox 582 2449 736 2516; x_wconf 87' lang='lat' dir='ltr'><strong>urbe</strong></span> <span class='ocrx_word' id='word_1_139' title='bbox 792 2448 1092 2518; x_wconf 89' lang='lat' dir='ltr'><strong>Remensi</strong></span> <span class='ocrx_word' id='word_1_140' title='bbox 1145 2451 1448 2519; x_wconf 88' lang='lat' dir='ltr'><strong>absentia.</strong></span> <span class='ocrx_word' id='word_1_141' title='bbox 1513 2452 1717 2519; x_wconf 83' lang='lat' dir='ltr'><strong>Causa</strong></span> <span class='ocrx_word' id='word_1_142' title='bbox 1778 2452 2102 2539; x_wconf 80' lang='lat' dir='ltr'><strong>negotium</strong></span> <span class='ocrx_word' id='word_1_143' title='bbox 2162 2452 2493 2521; x_wconf 91' lang='lat' dir='ltr'><strong>continens</strong></span> 
     </span>
     <span class='ocr_line' id='line_1_19' title="bbox 458 2567 2493 2658; baseline 0.005 -32"><span class='ocrx_word' id='word_1_144' title='bbox 458 2574 654 2631; x_wconf 87' lang='lat' dir='ltr'><strong>status</strong></span> <span class='ocrx_word' id='word_1_145' title='bbox 704 2583 1047 2652; x_wconf 85' lang='lat' dir='ltr'><strong>regnorum</strong></span> <span class='ocrx_word' id='word_1_146' title='bbox 1097 2579 1218 2636; x_wconf 92' lang='lat' dir='ltr'><strong>est.</strong></span> <span class='ocrx_word' id='word_1_147' title='bbox 1260 2567 1419 2634; x_wconf 88' lang='lat' dir='ltr'><strong>Nam</strong></span> <span class='ocrx_word' id='word_1_148' title='bbox 1471 2568 1622 2635; x_wconf 93' lang='lat' dir='ltr'><strong>dum</strong></span> <span class='ocrx_word' id='word_1_149' title='bbox 1661 2589 1695 2635; x_wconf 90' lang='lat' dir='ltr'><strong>a</strong></span> <span class='ocrx_word' id='word_1_150' title='bbox 1755 2568 2267 2637; x_wconf 86' lang='lat' dir='ltr'><strong>Lothariensibus</strong></span> <span class='ocrx_word' id='word_1_151' title='bbox 2314 2572 2493 2658; x_wconf 85' lang='lat' dir='ltr'><strong>regni</strong></span> 
     </span>
     <span class='ocr_line' id='line_1_20' title="bbox 460 2671 2493 2774; baseline 0.005 -30"><span class='ocrx_word' id='word_1_152' title='bbox 460 2671 822 2764; x_wconf 84' lang='lat' dir='ltr'><strong>primatibus</strong></span> <span class='ocrx_word' id='word_1_153' title='bbox 869 2683 1121 2752; x_wconf 88' lang='lat' dir='ltr'><strong>obsides</strong></span> <span class='ocrx_word' id='word_1_154' title='bbox 1155 2685 1409 2772; x_wconf 86' lang='lat' dir='ltr'><strong>accipit,</strong></span> <span class='ocrx_word' id='word_1_155' title='bbox 1451 2684 1604 2752; x_wconf 93' lang='lat' dir='ltr'><strong>dum</strong></span> <span class='ocrx_word' id='word_1_156' title='bbox 1651 2685 1778 2752; x_wconf 90' lang='lat' dir='ltr'><strong>filio</strong></span> <span class='ocrx_word' id='word_1_157' title='bbox 1828 2685 2223 2773; x_wconf 87' lang='lat' dir='ltr'><strong>imperatoris</strong></span> <span class='ocrx_word' id='word_1_158' title='bbox 2273 2707 2493 2774; x_wconf 91' lang='lat' dir='ltr'><strong>parere</strong></span> 
     </span>
     <span class='ocr_line' id='line_1_21' title="bbox 461 2798 2491 2892; baseline 0.004 -28"><span class='ocrx_word' id='word_1_159' title='bbox 461 2798 627 2885; x_wconf 84' lang='lat' dir='ltr'><strong>cogit</strong></span> <span class='ocrx_word' id='word_1_160' title='bbox 666 2803 784 2868; x_wconf 88' lang='lat' dir='ltr'><strong>sub</strong></span> <span class='ocrx_word' id='word_1_161' title='bbox 830 2803 997 2890; x_wconf 82' lang='lat' dir='ltr'><strong>regis</strong></span> <span class='ocrx_word' id='word_1_162' title='bbox 1037 2804 1419 2872; x_wconf 90' lang='lat' dir='ltr'><strong>Francorum</strong></span> <span class='ocrx_word' id='word_1_163' title='bbox 1461 2805 1778 2887; x_wconf 81' lang='lat' dir='ltr'><strong>clientela,</strong></span> <span class='ocrx_word' id='word_1_164' title='bbox 1829 2804 2106 2892; x_wconf 89' lang='lat' dir='ltr'><strong>dumque</strong></span> <span class='ocrx_word' id='word_1_165' title='bbox 2152 2805 2491 2874; x_wconf 75' lang='lat' dir='ltr'><strong>ilenricum</strong></span> 
     </span>
     <span class='ocr_line' id='line_1_22' title="bbox 457 2918 2491 3010; baseline 0.004 -26"><span class='ocrx_word' id='word_1_166' title='bbox 457 2918 522 2985; x_wconf 91' lang='lat' dir='ltr'><strong>in</strong></span> <span class='ocrx_word' id='word_1_167' title='bbox 572 2919 763 2988; x_wconf 90' lang='lat' dir='ltr'><strong>Gallia</strong></span> <span class='ocrx_word' id='word_1_168' title='bbox 819 2941 1083 3009; x_wconf 83' lang='lat' dir='ltr'><strong>regnare</strong></span> <span class='ocrx_word' id='word_1_169' title='bbox 1141 2923 1464 3010; x_wconf 85' lang='lat' dir='ltr'><strong>prohibet,</strong></span> <span class='ocrx_word' id='word_1_170' title='bbox 1522 2933 1735 2991; x_wconf 84' lang='lat' dir='ltr'><strong>vestro</strong></span> <span class='ocrx_word' id='word_1_171' title='bbox 1770 2923 2011 2991; x_wconf 89' lang='lat' dir='ltr'><strong>nomini</strong></span> <span class='ocrx_word' id='word_1_172' title='bbox 2058 2923 2491 2992; x_wconf 86' lang='lat' dir='ltr'><strong>convenientia</strong></span> 
     </span>
     <span class='ocr_line' id='line_1_23' title="bbox 457 3038 2491 3128; baseline 0.003 -25"><span class='ocrx_word' id='word_1_173' title='bbox 457 3058 596 3125; x_wconf 89' lang='lat' dir='ltr'><strong>quae</strong></span> <span class='ocrx_word' id='word_1_174' title='bbox 632 3038 907 3108; x_wconf 89' lang='lat' dir='ltr'><strong>mitteret</strong></span> <span class='ocrx_word' id='word_1_175' title='bbox 942 3061 1070 3109; x_wconf 90' lang='lat' dir='ltr'><strong>non</strong></span> <span class='ocrx_word' id='word_1_176' title='bbox 1109 3042 1408 3110; x_wconf 88' lang='lat' dir='ltr'><strong>habuit...</strong></span> <span class='ocrx_word' id='word_1_177' title='bbox 1458 3042 1574 3128; x_wconf 71' lang='lat'><strong>(2).</strong></span> <span class='ocrx_word' id='word_1_178' title='bbox 1626 3066 1660 3104; x_wconf 89' lang='lat'>»</span> <span class='ocrx_word' id='word_1_179' title='bbox 1704 3043 1910 3128; x_wconf 82' lang='lat' dir='ltr'><strong>Atque</strong></span> <span class='ocrx_word' id='word_1_180' title='bbox 1947 3042 2099 3110; x_wconf 89' lang='lat' dir='ltr'><strong>alias</strong></span> <span class='ocrx_word' id='word_1_181' title='bbox 2134 3065 2152 3108; x_wconf 74' lang='grc' dir='ltr'><strong><em>ε</em></strong></span> <span class='ocrx_word' id='word_1_182' title='bbox 2197 3067 2231 3106; x_wconf 87' lang='lat'>«</span> <span class='ocrx_word' id='word_1_183' title='bbox 2272 3044 2491 3112; x_wconf 90' lang='lat' dir='ltr'><strong>Domi-</strong></span> 
     </span>
    </p>
   </div>
   <div class='ocr_carea' id='block_1_3' title="bbox 454 3155 2541 3355">
    <p class='ocr_par' dir='ltr' id='par_1_4' title="bbox 454 3155 2541 3355">
     <span class='ocr_line' id='line_1_24' title="bbox 454 3155 2541 3244; baseline 0.003 -25"><span class='ocrx_word' id='word_1_184' title='bbox 454 3173 602 3219; x_wconf 91' lang='lat' dir='ltr'><strong>nam</strong></span> <span class='ocrx_word' id='word_1_185' title='bbox 678 3175 883 3224; x_wconf 90' lang='lat' dir='ltr'><strong>meam</strong></span> <span class='ocrx_word' id='word_1_186' title='bbox 954 3155 1423 3244; x_wconf 89' lang='lat' dir='ltr'><strong>Theophaniam</strong></span> <span class='ocrx_word' id='word_1_187' title='bbox 1492 3156 1949 3244; x_wconf 87' lang='lat' dir='ltr'><strong>imperatricem</strong></span> <span class='ocrx_word' id='word_1_188' title='bbox 2018 3156 2274 3224; x_wconf 90' lang='lat' dir='ltr'><strong>nomine</strong></span> <span class='ocrx_word' id='word_1_189' title='bbox 2346 3177 2491 3225; x_wconf 88' lang='lat' dir='ltr'><strong>meo</strong></span> <span class='ocrx_word' id='word_1_190' title='bbox 2520 3227 2541 3242; x_wconf 70' lang='lat'><em>,</em></span> 
     </span>
     <span class='ocr_line' id='line_1_25' title="bbox 455 3267 2491 3355; baseline 0.002 -24"><span class='ocrx_word' id='word_1_191' title='bbox 455 3267 784 3335; x_wconf 89' lang='lat' dir='ltr'><strong>convenite</strong></span> <span class='ocrx_word' id='word_1_192' title='bbox 817 3290 831 3333; x_wconf 73' lang='grc' dir='ltr'><em>ι</em></span> <span class='ocrx_word' id='word_1_193' title='bbox 870 3288 1054 3355; x_wconf 84' lang='lat' dir='ltr'><strong>reges</strong></span> <span class='ocrx_word' id='word_1_194' title='bbox 1085 3268 1470 3336; x_wconf 87' lang='lat' dir='ltr'><strong>Francorum</strong></span> <span class='ocrx_word' id='word_1_195' title='bbox 1503 3268 1631 3336; x_wconf 85' lang='lat' dir='ltr'><strong>filio</strong></span> <span class='ocrx_word' id='word_1_196' title='bbox 1664 3289 1781 3337; x_wconf 93' lang='lat' dir='ltr'><strong>suo</strong></span> <span class='ocrx_word' id='word_1_197' title='bbox 1814 3269 2022 3337; x_wconf 83' lang='lat' dir='ltr'><strong>favere</strong></span> <span class='ocrx_word' id='word_1_198' title='bbox 2054 3268 2264 3349; x_wconf 84' lang='lat' dir='ltr'><strong>dicite,</strong></span> <span class='ocrx_word' id='word_1_199' title='bbox 2300 3270 2491 3337; x_wconf 88' lang='lat' dir='ltr'><strong>nihil-</strong></span> 
     </span>
    </p>
   </div>
   <div class='ocr_carea' id='block_1_4' title="bbox 455 3383 2491 3472">
    <p class='ocr_par' dir='ltr' id='par_1_5' title="bbox 455 3383 2491 3472">
     <span class='ocr_line' id='line_1_26' title="bbox 455 3383 2491 3472; baseline 0.002 -24"><span class='ocrx_word' id='word_1_200' title='bbox 455 3401 577 3467; x_wconf 82' lang='lat' dir='ltr'><strong>que</strong></span> <span class='ocrx_word' id='word_1_201' title='bbox 616 3403 728 3451; x_wconf 87' lang='lat' dir='ltr'><strong>eos</strong></span> <span class='ocrx_word' id='word_1_202' title='bbox 771 3384 933 3452; x_wconf 90' lang='lat' dir='ltr'><strong>aliud</strong></span> <span class='ocrx_word' id='word_1_203' title='bbox 977 3385 1224 3466; x_wconf 80' lang='lat' dir='ltr'><strong>conari,</strong></span> <span class='ocrx_word' id='word_1_204' title='bbox 1266 3383 1388 3451; x_wconf 89' lang='lat' dir='ltr'><strong>nisi</strong></span> <span class='ocrx_word' id='word_1_205' title='bbox 1437 3384 1831 3471; x_wconf 87' lang='lat' dir='ltr'><strong>tyrannidem</strong></span> <span class='ocrx_word' id='word_1_206' title='bbox 1871 3383 2123 3452; x_wconf 88' lang='lat' dir='ltr'><strong>Henrici</strong></span> <span class='ocrx_word' id='word_1_207' title='bbox 2167 3405 2383 3472; x_wconf 82' lang='lat' dir='ltr'><strong>regem</strong></span> <span class='ocrx_word' id='word_1_208' title='bbox 2421 3405 2491 3453; x_wconf 90' lang='lat' dir='ltr'><strong>se</strong></span> 
     </span>
    </p>
   </div>
   <div class='ocr_carea' id='block_1_5' title="bbox 527 3659 2490 3733">
    <p class='ocr_par' dir='ltr' id='par_1_6' title="bbox 527 3659 2490 3733">
     <span class='ocr_line' id='line_1_27' title="bbox 527 3659 2490 3733; baseline -0.001 -17"><span class='ocrx_word' id='word_1_209' title='bbox 527 3660 598 3733; x_wconf 83' lang='lat'><strong>(1)</strong></span> <span class='ocrx_word' id='word_1_210' title='bbox 628 3661 691 3717; x_wconf 89' lang='lat' dir='ltr'><strong>D.</strong></span> <span class='ocrx_word' id='word_1_211' title='bbox 743 3661 1002 3733; x_wconf 89' lang='lat' dir='ltr'><strong>Bouquet,</strong></span> <span class='ocrx_word' id='word_1_212' title='bbox 1055 3667 1092 3716; x_wconf 91' lang='lat' dir='ltr'><strong>t.</strong></span> <span class='ocrx_word' id='word_1_213' title='bbox 1143 3675 1233 3727; x_wconf 85' lang='lat' dir='ltr'><strong>lx,</strong></span> <span class='ocrx_word' id='word_1_214' title='bbox 1283 3677 1334 3732; x_wconf 92' lang='lat' dir='ltr'><strong>p.</strong></span> <span class='ocrx_word' id='word_1_215' title='bbox 1387 3659 1527 3727; x_wconf 75' lang='lat'><strong>279,</strong></span> <span class='ocrx_word' id='word_1_216' title='bbox 1572 3659 1787 3716; x_wconf 89' lang='lat' dir='ltr'><strong>Ecberto</strong></span> <span class='ocrx_word' id='word_1_217' title='bbox 1816 3659 2037 3730; x_wconf 87' lang='lat' dir='ltr'><strong>archiep.</strong></span> <span class='ocrx_word' id='word_1_218' title='bbox 2068 3659 2383 3715; x_wconf 83' lang='lat' dir='ltr'><strong>Trevirensi.</strong></span> <span class='ocrx_word' id='word_1_219' title='bbox 2426 3678 2490 3716; x_wconf 87' lang='lat' dir='ltr'><strong>ex</strong></span> 
     </span>
    </p>
   </div>
   <div class='ocr_carea' id='block_1_6' title="bbox 461 3756 2485 3922">
    <p class='ocr_par' dir='ltr' id='par_1_7' title="bbox 461 3756 2485 3922">
     <span class='ocr_line' id='line_1_28' title="bbox 461 3756 1303 3827; baseline 0.001 -15"><span class='ocrx_word' id='word_1_220' title='bbox 461 3773 594 3827; x_wconf 84' lang='lat' dir='ltr'><strong>pers.</strong></span> <span class='ocrx_word' id='word_1_221' title='bbox 629 3757 984 3824; x_wconf 80' lang='lat' dir='ltr'><strong>AdalberoniS,</strong></span> <span class='ocrx_word' id='word_1_222' title='bbox 1017 3773 1149 3812; x_wconf 89' lang='lat' dir='ltr'><strong>anno</strong></span> <span class='ocrx_word' id='word_1_223' title='bbox 1177 3756 1303 3813; x_wconf 77' lang='lat'><strong>984.</strong></span> 
     </span>
     <span class='ocr_line' id='line_1_29' title="bbox 527 3848 2485 3922; baseline 0.001 -18"><span class='ocrx_word' id='word_1_224' title='bbox 527 3849 599 3922; x_wconf 71' lang='lat'><strong>(2)</strong></span> <span class='ocrx_word' id='word_1_225' title='bbox 629 3849 708 3906; x_wconf 82' lang='lat' dir='ltr'><strong>Id.</strong></span> <span class='ocrx_word' id='word_1_226' title='bbox 726 3849 876 3913; x_wconf 83' lang='lat' dir='ltr'><strong>ibid..</strong></span> <span class='ocrx_word' id='word_1_227' title='bbox 896 3867 945 3922; x_wconf 90' lang='lat' dir='ltr'><strong>p.</strong></span> <span class='ocrx_word' id='word_1_228' title='bbox 972 3851 1097 3921; x_wconf 75' lang='lat'><strong>279,</strong></span> <span class='ocrx_word' id='word_1_229' title='bbox 1121 3851 1332 3907; x_wconf 85' lang='lat' dir='ltr'><strong>Geraldo</strong></span> <span class='ocrx_word' id='word_1_230' title='bbox 1349 3850 1512 3907; x_wconf 88' lang='lat' dir='ltr'><strong>abbati</strong></span> <span class='ocrx_word' id='word_1_231' title='bbox 1536 3848 1891 3905; x_wconf 84' lang='lat' dir='ltr'><strong>Aurilliacensi</strong></span> <span class='ocrx_word' id='word_1_232' title='bbox 1907 3848 2199 3916; x_wconf 78' lang='lat' dir='ltr'><strong>GerbertuS,</strong></span> <span class='ocrx_word' id='word_1_233' title='bbox 2215 3865 2346 3905; x_wconf 88' lang='lat' dir='ltr'><strong>anno</strong></span> <span class='ocrx_word' id='word_1_234' title='bbox 2360 3849 2485 3906; x_wconf 71' lang='lat'><strong>984.</strong></span> 
     </span>
    </p>
   </div>
  </div>
 </body>
</html>
