<?xml version="1.0" encoding="UTF-8"?>
<!DOCTYPE html PUBLIC "-//W3C//DTD XHTML 1.0 Transitional//EN"
    "http://www.w3.org/TR/xhtml1/DTD/xhtml1-transitional.dtd">
<html xmlns="http://www.w3.org/1999/xhtml" xml:lang="en" lang="en">
 <head>
  <title>
</title>
<meta http-equiv="Content-Type" content="text/html;charset=utf-8" />
  <meta name='ocr-system' content='tesseract 3.04.00' />
  <meta name='ocr-capabilities' content='ocr_page ocr_carea ocr_par ocr_line ocrx_word'/>
</head>
<body>
  <div class='ocr_page' id='page_1' title='image "./quaepartesfueri00mourgoog_0041.png"; bbox 0 0 3100 4792; ppageno 0'>
   <div class='ocr_carea' id='block_1_1' title="bbox 1479 455 1562 522">
    <p class='ocr_par' dir='ltr' id='par_1_1' title="bbox 1479 455 1562 522">
     <span class='ocr_line' id='line_1_1' title="bbox 1479 455 1562 522; baseline 0 0"><span class='ocrx_word' id='word_1_1' title='bbox 1479 455 1562 522; x_wconf 84' lang='lat'><strong>37</strong></span> 
     </span>
    </p>
   </div>
   <div class='ocr_carea' id='block_1_2' title="bbox 500 626 2571 2786">
    <p class='ocr_par' dir='ltr' id='par_1_2' title="bbox 500 626 2571 2326">
     <span class='ocr_line' id='line_1_2' title="bbox 503 626 2540 714; baseline 0 -20"><span class='ocrx_word' id='word_1_2' title='bbox 503 647 632 695; x_wconf 85' lang='lat' dir='ltr'><strong>suae</strong></span> <span class='ocrx_word' id='word_1_3' title='bbox 671 626 1112 714; x_wconf 81' lang='lat' dir='ltr'><strong>responderet,</strong></span> <span class='ocrx_word' id='word_1_4' title='bbox 1157 626 1353 694; x_wconf 89' lang='lat' dir='ltr'><strong>multo</strong></span> <span class='ocrx_word' id='word_1_5' title='bbox 1394 645 1693 693; x_wconf 90' lang='lat' dir='ltr'><strong>successu</strong></span> <span class='ocrx_word' id='word_1_6' title='bbox 1738 645 1947 694; x_wconf 86' lang='lat' dir='ltr'><strong>rerum</strong></span> <span class='ocrx_word' id='word_1_7' title='bbox 1987 626 2407 694; x_wconf 86' lang='lat' dir='ltr'><strong>secundarum</strong></span> <span class='ocrx_word' id='word_1_8' title='bbox 2446 628 2540 696; x_wconf 89' lang='lat' dir='ltr'><strong>le-</strong></span> 
     </span>
     <span class='ocr_line' id='line_1_3' title="bbox 500 736 2571 826; baseline 0 -18"><span class='ocrx_word' id='word_1_9' title='bbox 500 753 714 819; x_wconf 80' lang='lat' dir='ltr'><strong>vatuS,</strong></span> <span class='ocrx_word' id='word_1_10' title='bbox 757 741 837 809; x_wconf 90' lang='lat' dir='ltr'><strong>ad</strong></span> <span class='ocrx_word' id='word_1_11' title='bbox 884 741 1142 808; x_wconf 88' lang='lat' dir='ltr'><strong>multam</strong></span> <span class='ocrx_word' id='word_1_12' title='bbox 1190 740 1484 826; x_wconf 90' lang='lat' dir='ltr'><strong>pietatem</strong></span> <span class='ocrx_word' id='word_1_13' title='bbox 1530 736 1798 806; x_wconf 76' lang='lat' dir='ltr'><strong>intendit</strong></span> <span class='ocrx_word' id='word_1_14' title='bbox 1844 740 1961 826; x_wconf 89' lang='lat' dir='ltr'><strong>(l).</strong></span> <span class='ocrx_word' id='word_1_15' title='bbox 2010 764 2041 803; x_wconf 79' lang='lat'><strong>1·</strong></span> <span class='ocrx_word' id='word_1_16' title='bbox 2093 740 2272 808; x_wconf 86' lang='lat' dir='ltr'><strong>Jurat</strong></span> <span class='ocrx_word' id='word_1_17' title='bbox 2320 761 2391 810; x_wconf 86' lang='lat' dir='ltr'><strong>se</strong></span> <span class='ocrx_word' id='word_1_18' title='bbox 2435 751 2571 808; x_wconf 80' lang='lat' dir='ltr'><strong>res·</strong></span> 
     </span>
     <span class='ocr_line' id='line_1_4' title="bbox 501 853 2541 943; baseline 0 -20"><span class='ocrx_word' id='word_1_19' title='bbox 501 855 782 924; x_wconf 86' lang='lat' dir='ltr'><strong>ecclesiae</strong></span> <span class='ocrx_word' id='word_1_20' title='bbox 818 855 1121 922; x_wconf 88' lang='lat' dir='ltr'><strong>tuiturum</strong></span> <span class='ocrx_word' id='word_1_21' title='bbox 1154 874 1298 923; x_wconf 87' lang='lat' dir='ltr'><strong>esse</strong></span> <span class='ocrx_word' id='word_1_22' title='bbox 1337 865 1400 922; x_wconf 90' lang='lat' dir='ltr'><strong>et</strong></span> <span class='ocrx_word' id='word_1_23' title='bbox 1437 853 1625 922; x_wconf 87' lang='lat' dir='ltr'><strong>etiam</strong></span> <span class='ocrx_word' id='word_1_24' title='bbox 1664 864 1991 921; x_wconf 85' lang='lat' dir='ltr'><strong>aucturum</strong></span> <span class='ocrx_word' id='word_1_25' title='bbox 2031 875 2047 921; x_wconf 75' lang='grc' dir='ltr'><strong><em>ε</em></strong></span> <span class='ocrx_word' id='word_1_26' title='bbox 2104 879 2136 916; x_wconf 76' lang='grc' dir='ltr'>α</span> <span class='ocrx_word' id='word_1_27' title='bbox 2182 854 2369 943; x_wconf 88' lang='lat' dir='ltr'><strong>Hugo</strong></span> <span class='ocrx_word' id='word_1_28' title='bbox 2411 856 2541 924; x_wconf 87' lang='lat' dir='ltr'><strong>Deo</strong></span> 
     </span>
     <span class='ocr_line' id='line_1_5' title="bbox 500 971 2540 1061; baseline 0.001 -23"><span class='ocrx_word' id='word_1_29' title='bbox 500 973 877 1061; x_wconf 72' lang='lat' dir='ltr'><strong>propitiante</strong></span> <span class='ocrx_word' id='word_1_30' title='bbox 924 994 1072 1042; x_wconf 87' lang='lat' dir='ltr'><strong>mox</strong></span> <span class='ocrx_word' id='word_1_31' title='bbox 1119 973 1368 1040; x_wconf 84' lang='lat' dir='ltr'><strong>futurus</strong></span> <span class='ocrx_word' id='word_1_32' title='bbox 1413 992 1524 1040; x_wconf 86' lang='lat' dir='ltr'><strong>rex</strong></span> <span class='ocrx_word' id='word_1_33' title='bbox 1577 971 1998 1052; x_wconf 80' lang='lat' dir='ltr'><strong>Francorum,</strong></span> <span class='ocrx_word' id='word_1_34' title='bbox 2040 971 2105 1037; x_wconf 90' lang='lat' dir='ltr'><strong>in</strong></span> <span class='ocrx_word' id='word_1_35' title='bbox 2142 971 2245 1040; x_wconf 91' lang='lat' dir='ltr'><strong>die</strong></span> <span class='ocrx_word' id='word_1_36' title='bbox 2284 971 2540 1040; x_wconf 86' lang='lat' dir='ltr'><strong>ordina·-</strong></span> 
     </span>
     <span class='ocr_line' id='line_1_6' title="bbox 501 1084 2541 1176; baseline -0.001 -22"><span class='ocrx_word' id='word_1_37' title='bbox 501 1089 691 1157; x_wconf 82' lang='lat' dir='ltr'><strong>tionis</strong></span> <span class='ocrx_word' id='word_1_38' title='bbox 722 1109 878 1157; x_wconf 87' lang='lat' dir='ltr'><strong>meae</strong></span> <span class='ocrx_word' id='word_1_39' title='bbox 912 1088 1233 1176; x_wconf 83' lang='lat' dir='ltr'><strong>promitte,</strong></span> <span class='ocrx_word' id='word_1_40' title='bbox 1259 1106 1471 1155; x_wconf 88' lang='lat' dir='ltr'><strong>coram</strong></span> <span class='ocrx_word' id='word_1_41' title='bbox 1497 1086 1629 1154; x_wconf 90' lang='lat' dir='ltr'><strong>Deo</strong></span> <span class='ocrx_word' id='word_1_42' title='bbox 1660 1096 1723 1152; x_wconf 91' lang='lat' dir='ltr'><strong>et</strong></span> <span class='ocrx_word' id='word_1_43' title='bbox 1745 1085 1979 1153; x_wconf 87' lang='lat' dir='ltr'><strong>sanctis</strong></span> <span class='ocrx_word' id='word_1_44' title='bbox 2000 1084 2139 1173; x_wconf 74' lang='lat' dir='ltr'><strong>ejus</strong></span> <span class='ocrx_word' id='word_1_45' title='bbox 2156 1137 2173 1162; x_wconf 87' lang='lat'>‚</span> <span class='ocrx_word' id='word_1_46' title='bbox 2200 1085 2369 1172; x_wconf 91' lang='lat' dir='ltr'><strong>quod</strong></span> <span class='ocrx_word' id='word_1_47' title='bbox 2397 1084 2541 1152; x_wconf 89' lang='lat' dir='ltr'><strong>uni-</strong></span> 
     </span>
     <span class='ocr_line' id='line_1_7' title="bbox 503 1199 2540 1289; baseline -0.002 -19"><span class='ocrx_word' id='word_1_48' title='bbox 503 1201 730 1289; x_wconf 88' lang='lat' dir='ltr'><strong>cuique</strong></span> <span class='ocrx_word' id='word_1_49' title='bbox 777 1201 858 1270; x_wconf 91' lang='lat' dir='ltr'><strong>de</strong></span> <span class='ocrx_word' id='word_1_50' title='bbox 901 1200 1082 1270; x_wconf 85' lang='lat' dir='ltr'><strong>vobis</strong></span> <span class='ocrx_word' id='word_1_51' title='bbox 1129 1200 1277 1267; x_wconf 90' lang='lat' dir='ltr'><strong>mihi</strong></span> <span class='ocrx_word' id='word_1_52' title='bbox 1328 1199 1687 1268; x_wconf 84' lang='lat' dir='ltr'><strong>commissis</strong></span> <span class='ocrx_word' id='word_1_53' title='bbox 1728 1199 2101 1268; x_wconf 89' lang='lat' dir='ltr'><strong>canonicum</strong></span> <span class='ocrx_word' id='word_1_54' title='bbox 2146 1199 2540 1288; x_wconf 88' lang='lat' dir='ltr'><strong>privilegium</strong></span> 
     </span>
     <span class='ocr_line' id='line_1_8' title="bbox 502 1316 2540 1406; baseline 0 -22"><span class='ocrx_word' id='word_1_55' title='bbox 502 1328 564 1384; x_wconf 91' lang='lat' dir='ltr'><strong>et</strong></span> <span class='ocrx_word' id='word_1_56' title='bbox 600 1316 874 1386; x_wconf 79' lang='lat' dir='ltr'><strong>debitam</strong></span> <span class='ocrx_word' id='word_1_57' title='bbox 911 1318 1116 1406; x_wconf 89' lang='lat' dir='ltr'><strong>legem</strong></span> <span class='ocrx_word' id='word_1_58' title='bbox 1148 1328 1334 1404; x_wconf 89' lang='lat' dir='ltr'><strong>atque</strong></span> <span class='ocrx_word' id='word_1_59' title='bbox 1364 1316 1668 1404; x_wconf 87' lang='lat' dir='ltr'><strong>justitiam</strong></span> <span class='ocrx_word' id='word_1_60' title='bbox 1696 1317 2109 1388; x_wconf 81' lang='lat' dir='ltr'><strong>conservabo,</strong></span> <span class='ocrx_word' id='word_1_61' title='bbox 2138 1328 2201 1384; x_wconf 91' lang='lat' dir='ltr'><strong>et</strong></span> <span class='ocrx_word' id='word_1_62' title='bbox 2222 1316 2540 1384; x_wconf 85' lang='lat' dir='ltr'><strong>defensio-</strong></span> 
     </span>
     <span class='ocr_line' id='line_1_9' title="bbox 501 1431 2535 1522; baseline 0 -22"><span class='ocrx_word' id='word_1_63' title='bbox 501 1453 684 1516; x_wconf 85' lang='lat' dir='ltr'><strong>nem,</strong></span> <span class='ocrx_word' id='word_1_64' title='bbox 743 1444 1047 1522; x_wconf 89' lang='lat' dir='ltr'><strong>quantum</strong></span> <span class='ocrx_word' id='word_1_65' title='bbox 1108 1443 1406 1521; x_wconf 85' lang='lat' dir='ltr'><strong>potuer0,</strong></span> <span class='ocrx_word' id='word_1_66' title='bbox 1465 1431 1800 1519; x_wconf 86' lang='lat' dir='ltr'><strong>adjuvante</strong></span> <span class='ocrx_word' id='word_1_67' title='bbox 1851 1431 2155 1513; x_wconf 91' lang='lat' dir='ltr'><strong>Domino,</strong></span> <span class='ocrx_word' id='word_1_68' title='bbox 2194 1431 2535 1513; x_wconf 85' lang='lat' dir='ltr'><strong>exhibebo,</strong></span> 
     </span>
     <span class='ocr_line' id='line_1_10' title="bbox 502 1545 2543 1634; baseline -0.001 -20"><span class='ocrx_word' id='word_1_69' title='bbox 502 1545 666 1614; x_wconf 89' lang='lat' dir='ltr'><strong>sicut</strong></span> <span class='ocrx_word' id='word_1_70' title='bbox 714 1569 826 1616; x_wconf 85' lang='lat' dir='ltr'><strong>rex</strong></span> <span class='ocrx_word' id='word_1_71' title='bbox 876 1547 940 1613; x_wconf 90' lang='lat' dir='ltr'><strong>in</strong></span> <span class='ocrx_word' id='word_1_72' title='bbox 991 1567 1188 1634; x_wconf 86' lang='lat' dir='ltr'><strong>regno</strong></span> <span class='ocrx_word' id='word_1_73' title='bbox 1241 1567 1360 1614; x_wconf 86' lang='lat' dir='ltr'><strong>suo</strong></span> <span class='ocrx_word' id='word_1_74' title='bbox 1415 1546 1751 1633; x_wconf 86' lang='lat' dir='ltr'><strong>unicuique</strong></span> <span class='ocrx_word' id='word_1_75' title='bbox 1800 1545 2099 1634; x_wconf 89' lang='lat' dir='ltr'><strong>episcopo</strong></span> <span class='ocrx_word' id='word_1_76' title='bbox 2150 1555 2213 1613; x_wconf 90' lang='lat' dir='ltr'><strong>et</strong></span> <span class='ocrx_word' id='word_1_77' title='bbox 2261 1545 2543 1614; x_wconf 83' lang='lat' dir='ltr'><strong>ecclesiae</strong></span> 
     </span>
     <span class='ocr_line' id='line_1_11' title="bbox 501 1659 2541 1749; baseline -0.001 -21"><span class='ocrx_word' id='word_1_78' title='bbox 501 1660 622 1728; x_wconf 90' lang='lat' dir='ltr'><strong>sibi</strong></span> <span class='ocrx_word' id='word_1_79' title='bbox 679 1661 1035 1728; x_wconf 82' lang='lat' dir='ltr'><strong>commissae</strong></span> <span class='ocrx_word' id='word_1_80' title='bbox 1091 1681 1202 1749; x_wconf 88' lang='lat' dir='ltr'><strong>per</strong></span> <span class='ocrx_word' id='word_1_81' title='bbox 1260 1671 1502 1729; x_wconf 88' lang='lat' dir='ltr'><strong>rectum</strong></span> <span class='ocrx_word' id='word_1_82' title='bbox 1557 1660 1853 1729; x_wconf 86' lang='lat' dir='ltr'><strong>exhibere</strong></span> <span class='ocrx_word' id='word_1_83' title='bbox 1910 1660 2129 1741; x_wconf 90' lang='lat' dir='ltr'><strong>debet,</strong></span> <span class='ocrx_word' id='word_1_84' title='bbox 2185 1659 2541 1748; x_wconf 89' lang='lat' dir='ltr'><strong>populoque</strong></span> 
     </span>
     <span class='ocr_line' id='line_1_12' title="bbox 501 1777 2542 1867; baseline 0 -21"><span class='ocrx_word' id='word_1_85' title='bbox 501 1779 686 1848; x_wconf 90' lang='lat' dir='ltr'><strong>nobis</strong></span> <span class='ocrx_word' id='word_1_86' title='bbox 724 1780 962 1850; x_wconf 80' lang='lat' dir='ltr'><strong>credito</strong></span> <span class='ocrx_word' id='word_1_87' title='bbox 998 1801 1102 1848; x_wconf 89' lang='lat' dir='ltr'><strong>me</strong></span> <span class='ocrx_word' id='word_1_88' title='bbox 1138 1779 1670 1867; x_wconf 86' lang='lat' dir='ltr'><strong>dispensationem</strong></span> <span class='ocrx_word' id='word_1_89' title='bbox 1706 1777 1918 1866; x_wconf 85' lang='lat' dir='ltr'><strong>legum</strong></span> <span class='ocrx_word' id='word_1_90' title='bbox 1955 1778 2019 1845; x_wconf 90' lang='lat' dir='ltr'><strong>in</strong></span> <span class='ocrx_word' id='word_1_91' title='bbox 2058 1799 2176 1846; x_wconf 92' lang='lat' dir='ltr'><strong>suo</strong></span> <span class='ocrx_word' id='word_1_92' title='bbox 2208 1778 2347 1866; x_wconf 87' lang='lat' dir='ltr'><strong>jure</strong></span> <span class='ocrx_word' id='word_1_93' title='bbox 2384 1799 2542 1846; x_wconf 90' lang='lat' dir='ltr'><strong>con·-</strong></span> 
     </span>
     <span class='ocr_line' id='line_1_13' title="bbox 503 1894 2541 1981; baseline -0.001 -19"><span class='ocrx_word' id='word_1_94' title='bbox 503 1895 829 1964; x_wconf 87' lang='lat' dir='ltr'><strong>sistentem</strong></span> <span class='ocrx_word' id='word_1_95' title='bbox 883 1906 1098 1964; x_wconf 86' lang='lat' dir='ltr'><strong>nostra</strong></span> <span class='ocrx_word' id='word_1_96' title='bbox 1149 1897 1517 1963; x_wconf 89' lang='lat' dir='ltr'><strong>auctoritate</strong></span> <span class='ocrx_word' id='word_1_97' title='bbox 1566 1915 2019 1963; x_wconf 88' lang='lat' dir='ltr'><strong>concessurum</strong></span> <span class='ocrx_word' id='word_1_98' title='bbox 2070 1895 2185 1981; x_wconf 74' lang='lat'>(2).</span> <span class='ocrx_word' id='word_1_99' title='bbox 2245 1919 2281 1958; x_wconf 85' lang='grc'>»</span> <span class='ocrx_word' id='word_1_100' title='bbox 2332 1894 2541 1976; x_wconf 84' lang='lat' dir='ltr'><strong>Quum</strong></span> 
     </span>
     <span class='ocr_line' id='line_1_14' title="bbox 502 2009 2543 2097; baseline 0.001 -21"><span class='ocrx_word' id='word_1_101' title='bbox 502 2009 777 2097; x_wconf 83' lang='lat' dir='ltr'><strong>episcopi</strong></span> <span class='ocrx_word' id='word_1_102' title='bbox 828 2010 1079 2097; x_wconf 86' lang='lat' dir='ltr'><strong>quidam</strong></span> <span class='ocrx_word' id='word_1_103' title='bbox 1120 2009 1289 2096; x_wconf 86' lang='lat' dir='ltr'><strong>regis</strong></span> <span class='ocrx_word' id='word_1_104' title='bbox 1336 2009 1513 2077; x_wconf 87' lang='lat' dir='ltr'><strong>electi</strong></span> <span class='ocrx_word' id='word_1_105' title='bbox 1565 2009 1915 2078; x_wconf 85' lang='lat' dir='ltr'><strong>auctoritati</strong></span> <span class='ocrx_word' id='word_1_106' title='bbox 1963 2020 2418 2096; x_wconf 85' lang='lat' dir='ltr'><strong>repugnarent,</strong></span> <span class='ocrx_word' id='word_1_107' title='bbox 2460 2029 2543 2078; x_wconf 85' lang='lat' dir='ltr'><strong>ne</strong></span> 
     </span>
     <span class='ocr_line' id='line_1_15' title="bbox 502 2122 2540 2211; baseline 0 -22"><span class='ocrx_word' id='word_1_108' title='bbox 502 2125 662 2192; x_wconf 85' lang='lat' dir='ltr'><strong>forte</strong></span> <span class='ocrx_word' id='word_1_109' title='bbox 709 2125 1127 2193; x_wconf 84' lang='lat' dir='ltr'><strong>infirmaretur</strong></span> <span class='ocrx_word' id='word_1_110' title='bbox 1164 2144 1400 2192; x_wconf 91' lang='lat' dir='ltr'><strong>novum</strong></span> <span class='ocrx_word' id='word_1_111' title='bbox 1437 2124 1667 2201; x_wconf 79' lang='lat' dir='ltr'><strong>soeduS,</strong></span> <span class='ocrx_word' id='word_1_112' title='bbox 1706 2144 1925 2191; x_wconf 90' lang='lat' dir='ltr'><strong>eorum</strong></span> <span class='ocrx_word' id='word_1_113' title='bbox 1964 2122 2371 2211; x_wconf 80' lang='lat' dir='ltr'><strong>petulantiam</strong></span> <span class='ocrx_word' id='word_1_114' title='bbox 2408 2134 2540 2190; x_wconf 87' lang='lat' dir='ltr'><strong>tum</strong></span> 
     </span>
     <span class='ocr_line' id='line_1_16' title="bbox 503 2234 1744 2326; baseline -0.002 -22"><span class='ocrx_word' id='word_1_115' title='bbox 503 2237 834 2326; x_wconf 89' lang='lat' dir='ltr'><strong>promissis</strong></span> <span class='ocrx_word' id='word_1_116' title='bbox 872 2249 1004 2305; x_wconf 91' lang='lat' dir='ltr'><strong>tum</strong></span> <span class='ocrx_word' id='word_1_117' title='bbox 1042 2238 1232 2305; x_wconf 90' lang='lat' dir='ltr'><strong>minis</strong></span> <span class='ocrx_word' id='word_1_118' title='bbox 1263 2238 1599 2306; x_wconf 85' lang='lat' dir='ltr'><strong>refrenavit</strong></span> <span class='ocrx_word' id='word_1_119' title='bbox 1634 2234 1744 2326; x_wconf 81' lang='lat'>(5).</span> 
     </span>
    </p>

    <p class='ocr_par' dir='ltr' id='par_1_3' title="bbox 501 2351 2541 2786">
     <span class='ocr_line' id='line_1_17' title="bbox 597 2351 2541 2440; baseline -0.001 -20"><span class='ocrx_word' id='word_1_120' title='bbox 597 2354 662 2420; x_wconf 91' lang='lat' dir='ltr'><strong>ln</strong></span> <span class='ocrx_word' id='word_1_121' title='bbox 708 2374 1025 2422; x_wconf 86' lang='lat' dir='ltr'><strong>carcerem</strong></span> <span class='ocrx_word' id='word_1_122' title='bbox 1084 2354 1530 2440; x_wconf 79' lang='lat' dir='ltr'><strong>conjiciebatur</strong></span> <span class='ocrx_word' id='word_1_123' title='bbox 1580 2352 1887 2419; x_wconf 85' lang='lat' dir='ltr'><strong>Arnulsus</strong></span> <span class='ocrx_word' id='word_1_124' title='bbox 1939 2351 2240 2440; x_wconf 83' lang='lat' dir='ltr'><strong>dignitate</strong></span> <span class='ocrx_word' id='word_1_125' title='bbox 2292 2371 2541 2420; x_wconf 88' lang='lat' dir='ltr'><strong>necnon</strong></span> 
     </span>
     <span class='ocr_line' id='line_1_18' title="bbox 502 2466 2541 2555; baseline -0.001 -19"><span class='ocrx_word' id='word_1_126' title='bbox 502 2479 566 2536; x_wconf 89' lang='lat' dir='ltr'><strong>ct</strong></span> <span class='ocrx_word' id='word_1_127' title='bbox 627 2468 884 2536; x_wconf 91' lang='lat' dir='ltr'><strong>nomine</strong></span> <span class='ocrx_word' id='word_1_128' title='bbox 935 2479 999 2536; x_wconf 88' lang='lat' dir='ltr'><strong>et</strong></span> <span class='ocrx_word' id='word_1_129' title='bbox 1055 2488 1289 2555; x_wconf 88' lang='lat' dir='ltr'><strong>genere</strong></span> <span class='ocrx_word' id='word_1_130' title='bbox 1344 2467 1638 2555; x_wconf 87' lang='lat' dir='ltr'><strong>princeps</strong></span> <span class='ocrx_word' id='word_1_131' title='bbox 1702 2467 1866 2534; x_wconf 90' lang='lat' dir='ltr'><strong>inter</strong></span> <span class='ocrx_word' id='word_1_132' title='bbox 1916 2467 2273 2555; x_wconf 88' lang='lat' dir='ltr'><strong>episcopos.</strong></span> <span class='ocrx_word' id='word_1_133' title='bbox 2339 2466 2541 2548; x_wconf 89' lang='lat' dir='ltr'><strong>Quem</strong></span> 
     </span>
     <span class='ocr_line' id='line_1_19' title="bbox 501 2580 2537 2670; baseline -0.002 -20"><span class='ocrx_word' id='word_1_134' title='bbox 501 2602 648 2649; x_wconf 91' lang='lat' dir='ltr'><strong>cum</strong></span> <span class='ocrx_word' id='word_1_135' title='bbox 684 2603 719 2650; x_wconf 89' lang='lat' dir='ltr'><strong>a</strong></span> <span class='ocrx_word' id='word_1_136' title='bbox 751 2583 902 2650; x_wconf 87' lang='lat' dir='ltr'><strong>sede</strong></span> <span class='ocrx_word' id='word_1_137' title='bbox 932 2582 1266 2650; x_wconf 88' lang='lat' dir='ltr'><strong>deturbare</strong></span> <span class='ocrx_word' id='word_1_138' title='bbox 1298 2582 1486 2670; x_wconf 88' lang='lat' dir='ltr'><strong>Hugo</strong></span> <span class='ocrx_word' id='word_1_139' title='bbox 1517 2581 1866 2662; x_wconf 87' lang='lat' dir='ltr'><strong>statuisset,</strong></span> <span class='ocrx_word' id='word_1_140' title='bbox 1908 2581 2185 2668; x_wconf 85' lang='lat' dir='ltr'><strong>episcopi</strong></span> <span class='ocrx_word' id='word_1_141' title='bbox 2226 2581 2384 2649; x_wconf 88' lang='lat' dir='ltr'><strong>adeo</strong></span> <span class='ocrx_word' id='word_1_142' title='bbox 2409 2580 2537 2668; x_wconf 77' lang='lat' dir='ltr'><strong>Jam</strong></span> 
     </span>
     <span class='ocr_line' id='line_1_20' title="bbox 502 2695 2540 2786; baseline -0.001 -21"><span class='ocrx_word' id='word_1_143' title='bbox 502 2697 715 2766; x_wconf 89' lang='lat' dir='ltr'><strong>stricte</strong></span> <span class='ocrx_word' id='word_1_144' title='bbox 765 2698 1247 2786; x_wconf 76' lang='lat' dir='ltr'><strong>capetianorum</strong></span> <span class='ocrx_word' id='word_1_145' title='bbox 1300 2715 1506 2766; x_wconf 85' lang='lat' dir='ltr'><strong>causae</strong></span> <span class='ocrx_word' id='word_1_146' title='bbox 1551 2696 1824 2766; x_wconf 83' lang='lat' dir='ltr'><strong>devincti</strong></span> <span class='ocrx_word' id='word_1_147' title='bbox 1885 2706 2097 2778; x_wconf 87' lang='lat' dir='ltr'><strong>erant,</strong></span> <span class='ocrx_word' id='word_1_148' title='bbox 2160 2707 2231 2763; x_wconf 90' lang='lat' dir='ltr'><strong>ut</strong></span> <span class='ocrx_word' id='word_1_149' title='bbox 2278 2695 2540 2764; x_wconf 88' lang='lat' dir='ltr'><strong>Carlen-</strong></span> 
     </span>
    </p>
   </div>
   <div class='ocr_carea' id='block_1_3' title="bbox 502 2914 2548 3946">
    <p class='ocr_par' dir='ltr' id='par_1_4' title="bbox 576 2914 1476 2990">
     <span class='ocr_line' id='line_1_21' title="bbox 576 2914 1476 2990; baseline 0 -18"><span class='ocrx_word' id='word_1_150' title='bbox 576 2914 653 2990; x_wconf 84' lang='lat'><strong>(1)</strong></span> <span class='ocrx_word' id='word_1_151' title='bbox 684 2916 984 2984; x_wconf 76' lang='lat' dir='ltr'><strong>RicheriuS,</strong></span> <span class='ocrx_word' id='word_1_152' title='bbox 1014 2916 1104 2973; x_wconf 90' lang='lat' dir='ltr'><strong>lib.</strong></span> <span class='ocrx_word' id='word_1_153' title='bbox 1138 2931 1214 2984; x_wconf 79' lang='lat' dir='ltr'><strong>lv,</strong></span> <span class='ocrx_word' id='word_1_154' title='bbox 1243 2933 1354 2989; x_wconf 86' lang='lat' dir='ltr'><strong>cap.</strong></span> <span class='ocrx_word' id='word_1_155' title='bbox 1390 2917 1476 2974; x_wconf 76' lang='lat'><strong>12.</strong></span> 
     </span>
    </p>

    <p class='ocr_par' dir='ltr' id='par_1_5' title="bbox 575 3013 1647 3086">
     <span class='ocr_line' id='line_1_22' title="bbox 575 3013 1647 3086; baseline 0 -18"><span class='ocrx_word' id='word_1_156' title='bbox 575 3013 652 3086; x_wconf 71' lang='lat'><strong>(2)</strong></span> <span class='ocrx_word' id='word_1_157' title='bbox 680 3015 802 3070; x_wconf 88' lang='lat' dir='ltr'><strong>Rer.</strong></span> <span class='ocrx_word' id='word_1_158' title='bbox 836 3013 1014 3069; x_wconf 85' lang='lat' dir='ltr'><strong>Gallie.</strong></span> <span class='ocrx_word' id='word_1_159' title='bbox 1048 3013 1202 3085; x_wconf 90' lang='lat' dir='ltr'><strong>scrip.</strong></span> <span class='ocrx_word' id='word_1_160' title='bbox 1227 3057 1240 3080; x_wconf 91' lang='lat'><strong>,</strong></span> <span class='ocrx_word' id='word_1_161' title='bbox 1270 3019 1310 3069; x_wconf 90' lang='lat' dir='ltr'><strong>t.</strong></span> <span class='ocrx_word' id='word_1_162' title='bbox 1339 3028 1402 3077; x_wconf 85' lang='lat' dir='ltr'><strong>x,</strong></span> <span class='ocrx_word' id='word_1_163' title='bbox 1440 3030 1491 3085; x_wconf 91' lang='lat' dir='ltr'><strong>p.</strong></span> <span class='ocrx_word' id='word_1_164' title='bbox 1521 3013 1647 3068; x_wconf 88' lang='lat'><strong>658.</strong></span> 
     </span>
    </p>

    <p class='ocr_par' dir='ltr' id='par_1_6' title="bbox 502 3107 2548 3946">
     <span class='ocr_line' id='line_1_23' title="bbox 583 3107 2541 3182; baseline 0 -18"><span class='ocrx_word' id='word_1_165' title='bbox 583 3109 655 3181; x_wconf 91' lang='lat'><strong>(3)</strong></span> <span class='ocrx_word' id='word_1_166' title='bbox 685 3107 906 3172; x_wconf 81' lang='lat' dir='ltr'><strong>Ibidem,</strong></span> <span class='ocrx_word' id='word_1_167' title='bbox 946 3126 1070 3182; x_wconf 87' lang='lat' dir='ltr'><strong>page</strong></span> <span class='ocrx_word' id='word_1_168' title='bbox 1115 3109 1238 3166; x_wconf 72' lang='lat'><strong>392.</strong></span> <span class='ocrx_word' id='word_1_169' title='bbox 1291 3109 1510 3182; x_wconf 86' lang='lat' dir='ltr'><strong>Epistola</strong></span> <span class='ocrx_word' id='word_1_170' title='bbox 1541 3109 1917 3182; x_wconf 84' lang='lat' dir='ltr'><strong>archiepiscopo</strong></span> <span class='ocrx_word' id='word_1_171' title='bbox 1960 3109 2182 3181; x_wconf 84' lang='lat' dir='ltr'><strong>Seguino</strong></span> <span class='ocrx_word' id='word_1_172' title='bbox 2220 3127 2284 3165; x_wconf 85' lang='lat' dir='ltr'><strong>ex</strong></span> <span class='ocrx_word' id='word_1_173' title='bbox 2328 3126 2541 3181; x_wconf 86' lang='lat' dir='ltr'><strong>persona</strong></span> 
     </span>
     <span class='ocr_line' id='line_1_24' title="bbox 506 3202 2539 3276; baseline 0.001 -19"><span class='ocrx_word' id='word_1_174' title='bbox 506 3202 641 3274; x_wconf 83' lang='lat' dir='ltr'><strong>regis</strong></span> <span class='ocrx_word' id='word_1_175' title='bbox 676 3205 926 3276; x_wconf 81' lang='lat' dir='ltr'><strong>HugoniS.</strong></span> <span class='ocrx_word' id='word_1_176' title='bbox 979 3228 998 3256; x_wconf 75' lang='grc' dir='ltr'><strong>«ι</strong></span> <span class='ocrx_word' id='word_1_177' title='bbox 1155 3205 1376 3260; x_wconf 86' lang='lat' dir='ltr'><strong>Honeste</strong></span> <span class='ocrx_word' id='word_1_178' title='bbox 1417 3222 1475 3261; x_wconf 88' lang='lat' dir='ltr'><strong>ac</strong></span> <span class='ocrx_word' id='word_1_179' title='bbox 1513 3203 1731 3276; x_wconf 89' lang='lat' dir='ltr'><strong>benigno</strong></span> <span class='ocrx_word' id='word_1_180' title='bbox 1769 3206 1950 3260; x_wconf 85' lang='lat' dir='ltr'><strong>affectu</strong></span> <span class='ocrx_word' id='word_1_181' title='bbox 1989 3221 2079 3260; x_wconf 83' lang='lat' dir='ltr'><strong>vos</strong></span> <span class='ocrx_word' id='word_1_182' title='bbox 2114 3221 2378 3260; x_wconf 90' lang='lat' dir='ltr'><strong>monemus</strong></span> <span class='ocrx_word' id='word_1_183' title='bbox 2406 3249 2418 3272; x_wconf 96' lang='lat'>‚</span> <span class='ocrx_word' id='word_1_184' title='bbox 2465 3205 2539 3260; x_wconf 89' lang='lat' dir='ltr'><strong>uti</strong></span> 
     </span>
     <span class='ocr_line' id='line_1_25' title="bbox 506 3299 2541 3372; baseline 0.001 -19"><span class='ocrx_word' id='word_1_185' title='bbox 506 3305 624 3354; x_wconf 86' lang='lat' dir='ltr'><strong>ante</strong></span> <span class='ocrx_word' id='word_1_186' title='bbox 671 3299 909 3355; x_wconf 84' lang='lat' dir='ltr'><strong>kalendas</strong></span> <span class='ocrx_word' id='word_1_187' title='bbox 947 3299 1267 3367; x_wconf 82' lang='lat' dir='ltr'><strong>novembriS,</strong></span> <span class='ocrx_word' id='word_1_188' title='bbox 1312 3316 1420 3356; x_wconf 91' lang='lat' dir='ltr'><strong>eam</strong></span> <span class='ocrx_word' id='word_1_189' title='bbox 1461 3301 1613 3356; x_wconf 85' lang='lat' dir='ltr'><strong>fidem</strong></span> <span class='ocrx_word' id='word_1_190' title='bbox 1640 3343 1652 3366; x_wconf 90' lang='lat'><strong>,</strong></span> <span class='ocrx_word' id='word_1_191' title='bbox 1696 3317 1845 3372; x_wconf 85' lang='lat' dir='ltr'><strong>quam</strong></span> <span class='ocrx_word' id='word_1_192' title='bbox 1897 3301 2066 3356; x_wconf 84' lang='lat' dir='ltr'><strong>caeteri</strong></span> <span class='ocrx_word' id='word_1_193' title='bbox 2109 3299 2253 3356; x_wconf 87' lang='lat' dir='ltr'><strong>nobis</strong></span> <span class='ocrx_word' id='word_1_194' title='bbox 2298 3301 2541 3356; x_wconf 80' lang='lat' dir='ltr'><strong>firmave-</strong></span> 
     </span>
     <span class='ocr_line' id='line_1_26' title="bbox 505 3395 2539 3468; baseline 0.001 -19"><span class='ocrx_word' id='word_1_195' title='bbox 505 3400 654 3460; x_wconf 89' lang='lat' dir='ltr'><strong>runt,</strong></span> <span class='ocrx_word' id='word_1_196' title='bbox 686 3395 998 3450; x_wconf 84' lang='lat' dir='ltr'><strong>confirmetis</strong></span> <span class='ocrx_word' id='word_1_197' title='bbox 1034 3395 1097 3451; x_wconf 88' lang='lat' dir='ltr'><strong>ob</strong></span> <span class='ocrx_word' id='word_1_198' title='bbox 1142 3413 1315 3468; x_wconf 85' lang='lat' dir='ltr'><strong>pacem</strong></span> <span class='ocrx_word' id='word_1_199' title='bbox 1357 3401 1409 3450; x_wconf 90' lang='lat' dir='ltr'><strong>et</strong></span> <span class='ocrx_word' id='word_1_200' title='bbox 1449 3395 1767 3451; x_wconf 73' lang='lat' dir='ltr'><strong>concordiam</strong></span> <span class='ocrx_word' id='word_1_201' title='bbox 1810 3402 1997 3452; x_wconf 85' lang='lat' dir='ltr'><strong>sanctae</strong></span> <span class='ocrx_word' id='word_1_202' title='bbox 2040 3396 2241 3452; x_wconf 90' lang='lat' dir='ltr'><strong>Domini</strong></span> <span class='ocrx_word' id='word_1_203' title='bbox 2278 3396 2539 3462; x_wconf 85' lang='lat' dir='ltr'><strong>ecclesiae,</strong></span> 
     </span>
     <span class='ocr_line' id='line_1_27' title="bbox 502 3489 2543 3562; baseline 0.002 -19"><span class='ocrx_word' id='word_1_204' title='bbox 502 3489 757 3562; x_wconf 85' lang='lat' dir='ltr'><strong>totiusque</strong></span> <span class='ocrx_word' id='word_1_205' title='bbox 784 3491 953 3562; x_wconf 90' lang='lat' dir='ltr'><strong>populi</strong></span> <span class='ocrx_word' id='word_1_206' title='bbox 981 3491 1246 3546; x_wconf 87' lang='lat' dir='ltr'><strong>christiani</strong></span> <span class='ocrx_word' id='word_1_207' title='bbox 1273 3513 1284 3545; x_wconf 73' lang='grc' dir='ltr'><strong><em>ε</em></strong></span> <span class='ocrx_word' id='word_1_208' title='bbox 1321 3508 1384 3545; x_wconf 87' lang='lat' dir='ltr'><strong>ne</strong></span> <span class='ocrx_word' id='word_1_209' title='bbox 1412 3491 1455 3547; x_wconf 90' lang='lat' dir='ltr'><strong>si</strong></span> <span class='ocrx_word' id='word_1_210' title='bbox 1484 3490 1633 3557; x_wconf 85' lang='lat' dir='ltr'><strong>forte,</strong></span> <span class='ocrx_word' id='word_1_211' title='bbox 1668 3490 1798 3562; x_wconf 86' lang='lat' dir='ltr'><strong>quod</strong></span> <span class='ocrx_word' id='word_1_212' title='bbox 1824 3507 1922 3546; x_wconf 90' lang='lat' dir='ltr'><strong>non</strong></span> <span class='ocrx_word' id='word_1_213' title='bbox 1944 3497 2193 3562; x_wconf 84' lang='lat' dir='ltr'><strong>optamuS,</strong></span> <span class='ocrx_word' id='word_1_214' title='bbox 2216 3491 2543 3562; x_wconf 84' lang='lat' dir='ltr'><strong>persuasione</strong></span> 
     </span>
     <span class='ocr_line' id='line_1_28' title="bbox 508 3586 2540 3658; baseline 0.001 -19"><span class='ocrx_word' id='word_1_215' title='bbox 508 3586 838 3656; x_wconf 85' lang='lat' dir='ltr'><strong>quorumdam</strong></span> <span class='ocrx_word' id='word_1_216' title='bbox 886 3603 1153 3658; x_wconf 84' lang='lat' dir='ltr'><strong>pravorum</strong></span> <span class='ocrx_word' id='word_1_217' title='bbox 1201 3587 1468 3657; x_wconf 81' lang='lat' dir='ltr'><strong>diligenter</strong></span> <span class='ocrx_word' id='word_1_218' title='bbox 1515 3586 1659 3642; x_wconf 89' lang='lat' dir='ltr'><strong>vobis</strong></span> <span class='ocrx_word' id='word_1_219' title='bbox 1707 3587 2030 3658; x_wconf 85' lang='lat' dir='ltr'><strong>exsequenda</strong></span> <span class='ocrx_word' id='word_1_220' title='bbox 2076 3587 2247 3642; x_wconf 89' lang='lat' dir='ltr'><strong>minus</strong></span> <span class='ocrx_word' id='word_1_221' title='bbox 2289 3587 2540 3653; x_wconf 80' lang='lat' dir='ltr'><strong>audiatiS,</strong></span> 
     </span>
     <span class='ocr_line' id='line_1_29' title="bbox 511 3684 2541 3758; baseline 0.001 -22"><span class='ocrx_word' id='word_1_222' title='bbox 511 3684 812 3739; x_wconf 85' lang='lat' dir='ltr'><strong>sententiam</strong></span> <span class='ocrx_word' id='word_1_223' title='bbox 843 3684 1046 3739; x_wconf 91' lang='lat' dir='ltr'><strong>Domini</strong></span> <span class='ocrx_word' id='word_1_224' title='bbox 1087 3701 1226 3757; x_wconf 86' lang='lat' dir='ltr'><strong>papae</strong></span> <span class='ocrx_word' id='word_1_225' title='bbox 1267 3691 1316 3740; x_wconf 90' lang='lat' dir='ltr'><strong>et</strong></span> <span class='ocrx_word' id='word_1_226' title='bbox 1357 3684 1855 3756; x_wconf 87' lang='lat' dir='ltr'><strong>comprovincialium</strong></span> <span class='ocrx_word' id='word_1_227' title='bbox 1901 3685 2249 3758; x_wconf 89' lang='lat' dir='ltr'><strong>episcoporum</strong></span> <span class='ocrx_word' id='word_1_228' title='bbox 2286 3684 2541 3740; x_wconf 87' lang='lat' dir='ltr'><strong>duriorem</strong></span> 
     </span>
     <span class='ocr_line' id='line_1_30' title="bbox 509 3779 2548 3852; baseline 0 -19"><span class='ocrx_word' id='word_1_229' title='bbox 509 3779 776 3850; x_wconf 84' lang='lat' dir='ltr'><strong>proferatis</strong></span> <span class='ocrx_word' id='word_1_230' title='bbox 795 3795 816 3846; x_wconf 91' lang='lat'><strong>,·</strong></span> <span class='ocrx_word' id='word_1_231' title='bbox 849 3786 1120 3852; x_wconf 86' lang='lat' dir='ltr'><strong>nostraque</strong></span> <span class='ocrx_word' id='word_1_232' title='bbox 1163 3780 1398 3836; x_wconf 89' lang='lat' dir='ltr'><strong>omnibus</strong></span> <span class='ocrx_word' id='word_1_233' title='bbox 1435 3786 1555 3834; x_wconf 86' lang='lat' dir='ltr'><strong>nota</strong></span> <span class='ocrx_word' id='word_1_234' title='bbox 1593 3781 1923 3836; x_wconf 85' lang='lat' dir='ltr'><strong>mansuetudo</strong></span> <span class='ocrx_word' id='word_1_235' title='bbox 1954 3779 2301 3852; x_wconf 89' lang='lat' dir='ltr'><strong>justissimum</strong></span> <span class='ocrx_word' id='word_1_236' title='bbox 2337 3795 2548 3835; x_wconf 90' lang='lat' dir='ltr'><strong>correc-</strong></span> 
     </span>
     <span class='ocr_line' id='line_1_31' title="bbox 513 3874 1625 3946; baseline -0.002 -19"><span class='ocrx_word' id='word_1_237' title='bbox 513 3874 666 3929; x_wconf 89' lang='lat' dir='ltr'><strong>tionis</strong></span> <span class='ocrx_word' id='word_1_238' title='bbox 696 3882 921 3930; x_wconf 85' lang='lat' dir='ltr'><strong>assumat</strong></span> <span class='ocrx_word' id='word_1_239' title='bbox 949 3875 1110 3930; x_wconf 86' lang='lat' dir='ltr'><strong>zelum</strong></span> <span class='ocrx_word' id='word_1_240' title='bbox 1144 3874 1298 3946; x_wconf 86' lang='lat' dir='ltr'><strong>regali</strong></span> <span class='ocrx_word' id='word_1_241' title='bbox 1325 3875 1566 3946; x_wconf 88' lang='lat' dir='ltr'><strong>potentia.</strong></span> <span class='ocrx_word' id='word_1_242' title='bbox 1604 3896 1625 3924; x_wconf 74' lang='lat' dir='ltr'><strong>n</strong></span> 
     </span>
    </p>
   </div>
  </div>
 </body>
</html>
