3100 4792
1628 481 1714 548 10

650 647 844 715 duces
894 647 1020 714 duo
1075 646 1378 718 maxime.
1403 647 1714 716 antistites
1768 649 1993 736 opibus
2044 659 2109 718 et
2158 651 2356 738 gratia
2407 652 2687 720 valentes

650 781 776 848 prae
799 761 1065 841 caeteris,
1095 761 1404 828 Adalbero
1426 759 1846 859 Remensisqet
1865 763 2334 832 Aurelianensis
2360 765 2685 831 Arnulfus.

748 899 778 938 ε
839 875 989 942 Erat
1043 875 1394 957 Adalbero,
1467 875 1555 942 ait
1616 876 1985 958 RicheriuS,
2058 878 2287 965 regalis
2346 876 2688 945 nobilitatis

649 990 744 1056 vir
795 989 906 1078 (1).
961 1015 992 1053 ι
1051 989 1371 1057 Educatus
1429 991 1633 1058 fuerat
1686 991 1751 1059 in
1812 991 2138 1060 Gorziensi
2192 992 2482 1061 coenobio
2534 1013 2685 1060 cum

649 1115 868 1172 sancto
912 1104 1204 1173 Rothado
1241 1105 1678 1175 Cameracensi
1716 1107 2055 1195 Episcopo.
2104 1107 2201 1175 Ex
2237 1107 2361 1176 isto
2392 1107 2685 1175 coenobio

647 1229 822 1286 ortos
859 1239 1002 1287 esse
1033 1219 1368 1306 plerosque
1403 1220 1632 1288 decimi
1662 1222 1875 1289 saeculi
1904 1222 2284 1309 conspicuos
2321 1222 2491 1290 viros
2529 1221 2684 1289 satis

645 1343 896 1400 constat
933 1333 1052 1420 (2).
1089 1332 1161 1398 ln
1199 1333 1350 1401 sede
1380 1333 1707 1413 Remensi,
1746 1335 2105 1417 virtutibuS,
2146 1355 2397 1403 morum
2433 1335 2679 1416 studim

649 1448 1003 1535 eloquentia
1025 1460 1086 1517 et
1117 1449 1402 1517 doctrina
1440 1450 1752 1523 Adalbero
1790 1450 2075 1517 eminuit.
2103 1452 2354 1517 Atcum
2382 1470 2529 1517 eum
2552 1449 2685 1517 sere

644 1586 868 1633 omnes
897 1567 1154 1634 laudant
1188 1567 1501 1649 historici,
1559 1568 1733 1636 solus
1779 1587 1814 1634 a
1852 1567 2173 1635 communi
2212 1586 2528 1636 consensu
2566 1567 2684 1633 ab·

642 1679 858 1747 horret
901 1681 1262 1768 appendicis
1307 1681 1651 1750 Frodoardi
1699 1694 1916 1750 auctor
1957 1683 2063 1769 qui
2114 1682 2365 1770 scripsit
2408 1705 2439 1778 5
2488 1681 2684 1748 Adal-

641 1794 795 1861 bero
840 1795 1095 1863 nomine
1133 1816 1260 1863 non
1295 1795 1520 1864 merito
1555 1796 2081 1884 Archiepiscopus
2124 1797 2241 1882 (5).
2290 1824 2322 1856 »
2368 1793 2681 1882 Imprimis

642 1929 868 1996 pravas
905 1909 1054 1977 cleri
1091 1909 1584 1978 consuetudines
1620 1909 2047 1978 emendandas
2083 1909 2306 1977 acriter
2346 1919 2523 1976 curat
2562 1903 2712 2008 (ll).⁸

642 2024 795 2091 Dein
847 2036 915 2093 ut
963 2047 1174 2094 mores
1223 2026 1505 2094 doctrina
1555 2026 1966 2107 illustrentur,
2017 2025 2082 2092 in
2135 2024 2416 2093 scholam
2460 2023 2591 2112 ¹jam
2644 2043 2683 2089 a

641 2140 920 2210 Fulcone
950 2144 1218 2230 praesule
1254 2145 1744 2230 frequentatam,
1780 2141 2273 2211 eruditissimum
2307 2139 2683 2207 Gerbertum

641 2266 885 2322 evocat.
941 2257 1081 2338 Quo
1133 2278 1283 2326 vero
1343 2258 1719 2326 scholastico
1768 2257 2071 2338 docente,
2133 2276 2280 2323 mox
2332 2255 2531 2323 affluit
2572 2255 2682 2342 ju·-

640 2380 899 2454 ventuS,
937 2382 1007 2438 ut
1043 2373 1215 2440 brevi
1255 2373 1470 2441 schola
1500 2371 1835 2440 Remensis
1882 2371 2062 2458 quasi
2105 2371 2297 2438 totius
2342 2370 2687 2439 occidentis

638 2482 748 2548 lux
809 2483 1063 2551 eniteat.
1125 2485 1269 2552 Fuit
1323 2484 1510 2553 etiam
1575 2486 1917 2553 Gerbertus
1985 2484 2150 2572 apud
2222 2484 2684 2552 Adalberonem

641 2597 1047 2666 consiliorum
1085 2610 1149 2668 et
1185 2601 1396 2669 socius
1427 2612 1492 2669 et
1528 2600 1865 2688 particepS.

731 2717 1064 2783 Arnulsum
1117 2717 1637 2786 Aurelianensem
1688 2716 2056 2799 virtutibuS,
2122 2736 2389 2804 genere,
2452 2717 2681 2804 opibus

642 2828 1044 2915 praevaluisse
1085 2829 1316 2896 serunt.
1363 2854 1392 2892 α
1429 2831 1581 2897 Erat
1618 2830 1833 2917 igitur,
1878 2830 1965 2896 ait
2009 2830 2381 2918 Rodolphus
2420 2831 2672 2908 Glaber,

644 2953 792 3009 tunc
828 2942 1128 3030 temporis
1165 2943 1444 3031 pontifex
1475 2943 1848 3012 venerabilis
1886 2945 2211 3027 Arnulfus,
2249 2945 2355 3032 qui
2388 2945 2681 3014 videlicet

641 3079 872 3145 genere
929 3071 992 3127 et
1047 3059 1328 3127 doctrina
1379 3060 1700 3146 sapientiae
1749 3061 2091 3148 pernobilis
2143 3082 2217 3130 ac
2267 3072 2680 3152 paternorum

639 3177 977 3245 fundorum
1011 3178 1353 3247 redditibus
1384 3179 1915 3266 locupletissimus
1950 3179 2061 3266 (5).
2103 3205 2137 3244 »
2176 3180 2493 3267 Cujusde
2538 3181 2681 3249 elo-

639 3295 892 3380 quentia
927 3297 1259 3384 magnifice
1295 3298 1639 3384 loquuntur
1675 3297 2015 3366 Gerbertus
2045 3298 2503 3385 Richeriusque
2540 3319 2684 3368 mo-

711 3499 786 3571 (1)
816 3500 1115 3568 RicheriuS,
1147 3501 1235 3557 lib.
1268 3515 1338 3569 11,
1369 3517 1480 3573 cap.
1514 3500 1605 3556 23.

710 3593 787 3666 (2)
814 3595 936 3650 Acta
965 3601 1254 3651 sanctorum
1279 3594 1469 3651 ordinis
1497 3593 1662 3650 sancti
1688 3594 1976 3661 Benedicti,
2009 3595 2195 3650 saeculo
2224 3609 2279 3662 v,
2312 3611 2362 3666 p.
2390 3594 2514 3651 383.

707 3687 784 3760 (3)
813 3688 956 3760 Apud
985 3689 1291 3757 Chesnium,
1321 3696 1360 3744 t.
1394 3704 1464 3758 11,
1493 3707 1544 3762 p.
1579 3689 1704 3745 6023.

709 3783 781 3856 (4)
811 3784 1109 3852 RicheriuS,
1140 3785 1232 3840 lib.
1266 3799 1336 3848 11,
1370 3802 1479 3856 cap.
1515 3785 1709 3841 25-35.

707 3879 783 3952 (5)
813 3881 955 3951 Apud
981 3881 1230 3936 Domuum
1261 3881 1518 3953 Bouquet,
1551 3886 1589 3936 t.
1623 3896 1689 3947 x,
1722 3897 1769 3951 p.
1807 3880 1891 3934 17.
