3100 4792
1564 446 1651 515 40

593 620 702 686 tini
735 638 908 697 vero,
946 617 998 684 si
1031 637 1160 685 non
1199 616 1414 696 verba,
1457 615 1835 682 sententiam
1876 616 2095 684 saltem
2136 616 2473 684 admittunt
2508 617 2626 704 (l).

683 740 951 807 Praeerat
995 737 1312 826 Seguinus
1356 735 1745 804 Senonensis
1793 736 2324 825 Archiepiscopus
2366 763 2400 801 «
2442 759 2630 825 quem

590 866 654 924 et
687 867 840 922 aetas
875 865 939 922 et
975 854 1114 921 vitae
1159 851 1453 920 meritum
1491 871 1567 919 ac
1612 850 1870 918 scientia
1918 852 2401 920 commendabat
2440 853 2552 940 (⁶2).
2595 879 2629 916 n

589 974 724 1042 Reo
765 971 1254 1060 Archiepiscopo
1299 980 1512 1057 aperte
1560 970 1838 1051 favebat3
1882 969 1991 1037 sed
2035 969 2171 1054 ejus
2201 991 2423 1057 parum
2461 970 2634 1038 vale-

589 1088 698 1153 bat
754 1085 1116 1154 auctoritas.
1183 1082 1524 1151 Praestabat
1582 1082 1751 1150 enim
1806 1081 2107 1150 Arnulfus
2163 1082 2634 1152 Aurelianensis

590 1201 698 1288 qui
757 1224 786 1262 ι
841 1198 1081 1268 ordinis
1131 1206 1348 1265 custos
1397 1216 1471 1264 ac
1519 1195 1801 1264 omnium
1852 1194 2273 1282 gerendorum
2325 1197 2635 1284 interpres

589 1316 942 1386 declaratus
978 1322 1077 1382 est
1113 1333 1191 1381 eo
1237 1311 1406 1398 quod
1449 1311 1612 1379 inter
1658 1330 1882 1378 omnes
1923 1310 2261 1379 Galliarum
2299 1311 2633 1400 episcopos

591 1431 893 1519 sapientia
933 1439 996 1496 et
1032 1427 1388 1514 eloquentia
1425 1425 1649 1494 clarior
1686 1425 2044 1494 haberetur.
2086 1450 2121 1488 »

681 1547 840 1613 Cum
878 1564 1029 1612 vero
1075 1542 1322 1612 concilii
1375 1553 1510 1610 acta
1561 1551 1843 1629 repetere
1891 1542 2059 1609 haud
2110 1542 2259 1610 utile
2306 1525 2629 1626 duxerim,

593 1663 668 1731 ad
707 1663 832 1731 boc
864 1661 1266 1730 solummodo
1302 1659 1490 1727 velim
1536 1658 1857 1733 attendas,
1902 1671 2165 1728 cunctos
2202 1660 2535 1750 episcopos
2572 1672 2636 1730 et

591 1778 778 1847 etiam
818 1777 1059 1845 Arnulfi
1099 1785 1437 1862 cognatum
1475 1775 1791 1842 Bovonem
1836 1775 2325 1862 Lingonensem,
2368 1777 2635 1847 Archie-

593 1891 948 1980 piscopum,
989 1902 1286 1978 tanquam
1326 1909 1476 1976 erga
1514 1888 1755 1977 Regem
1794 1891 2042 1957 summa
2092 1891 2154 1957 vi
2201 1891 2477 1960 studium
2519 1892 2634 1961 de—

593 2009 934 2082 clararent.
976 2009 1320 2076 insectatos
1374 2027 1543 2075 esse.
1596 2006 1823 2087 SoluS,
1880 2017 1952 2074 ut
1999 2006 2268 2089 videtur,
2318 2007 2635 2094 Seguinus

593 2123 926 2190 Arnulsum
965 2142 1108 2190 esse
1145 2121 1512 2209 episcopum
1551 2121 1861 2200 meminit,
1897 2132 1960 2189 et
1990 2131 2163 2188 ratus
2199 2121 2393 2189 totius
2428 2122 2634 2191 eccle-

593 2237 702 2304 siae
734 2236 1101 2323 dignitatem
1139 2235 1530 2320 salutemque
1562 2234 1625 2301 in
1660 2233 1995 2302 discrimen
2036 2234 2275 2310 venire,
2304 2234 2359 2304 si
2381 2235 2633 2323 proprio

593 2363 772 2419 motu
827 2371 1021 2418 unum
1073 2371 1111 2418 e
1161 2348 1295 2418 suis
1352 2349 1483 2438 regi
1544 2349 1835 2437 injuriam
1893 2348 2230 2418 vindicanti
2279 2349 2629 2431 traderent,

593 2492 631 2529 «
673 2487 801 2534 non
839 2466 902 2533 id
937 2485 1078 2534 sese
1109 2465 1565 2553 permissurum
1606 2465 1961 2553 respondit,
1999 2477 2069 2532 ut
2104 2466 2159 2532 is
2197 2467 2304 2552 qui
2336 2467 2632 2554 maJesta·

594 2584 673 2650 tis
709 2605 858 2651 reus
896 2592 1228 2652 accusatur
1275 2584 1394 2650 sub
1439 2583 1814 2651 discutiendi
1862 2605 2127 2652 censura
2164 2596 2457 2673 ponatur,
2512 2585 2632 2653 nisi

589 2706 736 2764 ante
773 2717 850 2764 ex
881 2696 1289 2784 jurejurando
1335 2696 1822 2784 promissionem
1867 2697 2304 2785 indulgentiae,
2347 2699 2425 2767 ab
2462 2699 2632 2786 regi-

589 2810 710 2877 bus
749 2822 812 2878 et
847 2810 1160 2898 episcopis
1193 2809 1477 2898 accipiat.
1518 2836 1548 2875 n
1592 2811 1799 2898 Rogat
1833 2810 1968 2899 ipse
2002 2812 2471 2880 Aurelianensis
2510 2816 2633 2879 Ar·-

589 2925 803 2994 nulius
851 2937 918 2993 ut
976 2926 1342 2995 defensores
1395 2926 1448 2993 si
1499 2926 1605 3013 qui
1654 2927 1780 2994 sint
1834 2947 1944 3013 pro
1996 2939 2172 3014 parte
2230 2927 2318 2996 rei
2373 2940 2633 3016 agentes

589 3042 946 3109 audiantur.
982 3042 1144 3108 Tum
1177 3053 1448 3129 surgunt
1477 3043 1556 3109 ab
1590 3042 1902 3131 episcopis
1934 3042 2311 3111 dissidentes
2342 3046 2633 3114 monachi

589 3154 696 3240 qui
737 3174 1014 3222 romanae
1059 3155 1229 3222 sedis
1282 3155 1560 3224 fautores
1598 3168 1767 3225 recte
1811 3156 1891 3225 de
1928 3159 2191 3227 Arnulfo
2223 3158 2632 3247 judicandum

590 3292 760 3354 esse,
803 3271 924 3340 nisi
961 3273 1411 3360 comprobante
1443 3272 1635 3361 Papa,
1677 3287 1933 3362 negant.
1980 3275 2132 3343 Haec
2166 3286 2299 3343 erat
2336 3276 2630 3344 falsarum

663 3562 744 3633 (l)
770 3562 829 3617 T.
863 3577 934 3628 x,
973 3578 1023 3632 p.
1071 3560 1196 3618 513.
1246 3582 1268 3612 α
1311 3561 1404 3616 Vix
1443 3579 1502 3618 ac
1537 3581 1601 3618 ne
1640 3564 1726 3619 vix
1760 3564 1960 3637 quidem
1998 3565 2193 3622 dubitat
2227 3567 2468 3636 Rivetus,
2510 3567 2633 3641 quin

589 3656 842 3712 sinceram
893 3656 1097 3712 concilii
1149 3657 1312 3712 sancti
1358 3649 1527 3714 Baso'li
1574 3660 1917 3717 narrationem
1946 3662 2308 3734 acceperimus
2362 3665 2635 3722 Gerbertus

591 3756 774 3821 praeter
805 3750 990 3822 stylum
1022 3750 1150 3805 nihil
1177 3751 1279 3806 huc
1307 3751 1366 3806 de
1397 3768 1488 3807 suo
1517 3753 1688 3808 attulit
1716 3770 1809 3810 nec
1837 3754 2015 3810 afferre
2043 3756 2205 3828 potuit
2213 3780 2355 3814 .....

662 3845 733 3918 (Ξ)
763 3845 895 3900 Ibid.
922 3890 934 3914 ,
967 3862 1018 3916 p.
1054 3846 1178 3902 514.
1213 3846 1289 3904 Cf.
1324 3848 1651 3916 Richerium,
1682 3849 1770 3905 lib.
1803 3865 1888 3919 iv,
1922 3867 2029 3922 cap.
2062 3850 2150 3906 52.
