3100 4792
1486 483 1575 552 33

501 666 622 732 qua
661 665 842 714 versa
874 647 1010 715 vice
1047 657 1108 716 et
1151 647 1520 716 Laudunum
1546 661 1809 738 caperet
1841 660 1904 717 et
1938 650 2229 728 Carolum
2264 671 2546 740 compre-

501 761 826 830 henderet.
878 788 908 827 ν
970 763 1151 830 Brevi
1211 763 1591 832 machinatio
1631 775 1907 852 paratur.
1972 765 2037 832 ln
2088 767 2349 853 gratiam
2401 789 2547 836 cum

483 875 765 943 'Arnull'o
794 875 1272 963 metropolitano
1296 877 1499 945 redire
1530 877 1807 954 simulat,
1843 898 1957 966 per
1988 898 2178 965 quem
2210 880 2549 949 amicitiam

504 989 706 1057 Caroli
765 1001 1115 1078 recuperat.
1156 991 1334 1059 Tunc
1401 1015 1430 1054 α
1487 991 1550 1058 in
1602 992 1743 1060 loco
1801 993 2145 1061 constituto
2198 995 2435 1077 Carolo,
2486 1008 2551 1064 et

504 1105 768 1172 Arnulso
815 1105 1053 1174 accitus
1087 1106 1384 1174 occurrit.
1446 1111 1500 1172 Α
1553 1107 1782 1192 quibus
1812 1103 2166 1194 benigniter
2203 1120 2544 1197 exceptuS,

505 1241 634 1289 non
687 1221 1070 1290 mediocrem
1112 1223 1370 1290 letitiam
1407 1223 1705 1310 repperit.
1739 1223 1857 1290 Jus
1889 1223 2174 1292 amicitiae
2207 1224 2370 1291 inter
2406 1245 2549 1293 sese

505 1335 730 1405 exinde
768 1338 1035 1425 amplius
1075 1338 1406 1405 colendum
1442 1389 1460 1420 ‚
1501 1321 1771 1406 diversis
1800 1337 2146 1406 rationibus
2178 1339 2541 1408 extulere...

509 1453 766 1522 Necnon
806 1467 868 1523 et
903 1454 1055 1522 illud
1094 1455 1352 1522 libatum
1386 1467 1516 1537 est,
1558 1455 1621 1522 in
1670 1455 1842 1523 brevi
1883 1455 2018 1524 fieri
2048 1476 2274 1543 posse,
2318 1468 2382 1524 et
2417 1477 2548 1526 suae

505 1569 700 1656 partis
736 1571 1203 1656 provectionem
1256 1581 1319 1638 et
1362 1571 1643 1638 hostium
1682 1570 2259 1658 praecipitationem.
2304 1598 2335 1637 ι
2382 1573 2549 1656 Quin

505 1682 634 1750 imo
674 1683 859 1770 paulo
891 1696 1060 1772 post,
1111 1706 1254 1753 cum
1295 1695 1506 1773 partes
1548 1705 1697 1752 suas
1734 1685 1797 1752 in
1841 1685 2085 1753 insidiis
2115 1687 2549 1756 machinandis

507 1815 616 1863 rex
642 1795 777 1883 ipse
792 1809 1031 1885 ageret,
1059 1799 1380 1873 Amulius,
1403 1799 1522 1866 sub
1540 1799 1749 1885 specie
1764 1798 2201 1886 purgationem
2225 1800 2544 1884 audiendi,

505 1911 869 1979 arcessitur.
912 1912 1026 1980 Cui
1082 1913 1270 2000 Hugo
1322 1933 1339 1978 ε
1406 1937 1440 1976 «
1490 1913 1621 1980 Sibi
1674 1913 1961 1981 sufficere
2011 1922 2081 1979 ut
2132 1934 2169 1981 a
2222 1915 2552 2002 praeteritis

505 2029 893 2116 quiesceret.
939 2041 1001 2098 et
1038 2030 1263 2099 exinde
1300 2031 1416 2098 sibi
1453 2031 1641 2098 fidem
1679 2030 2113 2099 inviolabiliter
2150 2044 2547 2101 servaret....

506 2145 627 2214 Sed
684 2147 829 2233 quia
883 2147 946 2214 id
999 2148 1232 2215 sactum
1284 2157 1455 2228 erat,
1497 2147 1667 2233 quod
1714 2146 2068 2214 labefactari
2106 2167 2235 2214 non
2267 2157 2545 2235 poterat,

506 2260 702 2326 multa
737 2260 980 2328 ratione
1012 2261 1070 2328 ei
1094 2281 1235 2329 esse
1261 2261 1625 2340 videndum,
1657 2272 1727 2327 ut
1749 2260 1996 2327 amissae
2020 2260 2191 2328 urbis
2208 2261 2548 2349 dampnum

508 2367 717 2460 aliquo
776 2373 966 2441 modo
1023 2374 1363 2462 suppleret.
1421 2374 1485 2441 Si
1539 2374 1757 2441 urbem
1812 2374 2043 2441 hahere
2101 2383 2171 2440 ut
2223 2384 2368 2440 ante
2418 2394 2547 2441 non

505 2499 745 2574 posset,
785 2489 1006 2556 saltem
1045 2489 1336 2557 Carolum
1378 2488 1453 2555 ad
1493 2508 1564 2555 se
1596 2487 1863 2554 transire
1894 2487 2150 2569 faceret,
2190 2499 2258 2554 ut
2290 2507 2358 2555 se
2392 2508 2550 2555 con·-

507 2601 851 2684 sentiente,
923 2602 1092 2688 quod
1154 2613 1512 2691 pervaserat
1572 2611 1835 2670 teneret.
1910 2601 2060 2668 Haec
2120 2612 2183 2669 et
2250 2602 2551 2689 ampliora

507 2718 808 2786 Arnulfus
846 2738 987 2786 sese
1025 2719 1332 2786 facturum
1367 2718 1718 2806 pollicetur,
1760 2726 2003 2784 tantum
2038 2728 2106 2783 ut
2144 2716 2312 2804 regis
2350 2717 2549 2804 gratia

507 2831 624 2900 sibi
665 2832 992 2915 reddatur,
1036 2843 1099 2900 et
1134 2833 1270 2920 ipse
1305 2833 1470 2920 apud
1502 2853 1649 2900 eum
1687 2843 1757 2899 ut
1788 2830 2307 2918 metropolitanus
2340 2831 2549 2898 hono-

507 2959 704 3016 retur.
732 2944 867 3016 Rex
893 2949 1156 3036 gratiam
1179 2949 1458 3025 indulsit,
1490 2961 1553 3016 et
1573 2959 1638 3016 ut
1661 2948 1999 3037 plurimum
2023 2968 2232 3015 coram
2258 2967 2328 3015 se
2348 2947 2550 3016 hono·

507 3083 640 3130 rem
678 3063 938 3131 haberet
974 3063 1311 3131 concessit.
1348 3063 1530 3130 Unde
1567 3074 1630 3130 et
1663 3063 1893 3130 factum
1925 3072 2045 3138 est,
2083 3072 2153 3129 ut
2183 3061 2247 3129 in
2280 3061 2546 3149 prandio

507 3177 609 3246 die
661 3177 1074 3266 eadem-regi
1122 3177 1373 3259 dexter,
1439 3177 1751 3244 Adalbero
1800 3176 2034 3264 reginae
2079 3176 2257 3244 levus
2302 3176 2545 3244 reside-

505 3303 603 3359 ret
642 3288 751 3379 (1).
793 3316 824 3355 ι»

595 3405 838 3474 Exinde
889 3425 1168 3493 praeceps
1235 3405 1300 3472 in
1356 3404 1615 3473 exitium
1661 3404 1880 3493 infelix
1931 3403 2193 3472 Carolus
2246 3413 2540 3471 maturat.

509 3525 815 3593 Adalbero
850 3525 1223 3593 Laudunum
1246 3524 1423 3613 petit,
1463 3536 1524 3593 et
1548 3523 1936 3612 expostulata
1960 3543 2225 3610 quaeque
2247 3523 2537 3611 spondet.

507 3669 539 3702 «
603 3642 854 3710 Adsunt
917 3651 1168 3725 sancta,
1243 3642 1330 3709 ait
1399 3640 1695 3723 Carolus,
1757 3641 2159 3728 superponite
2223 3640 2539 3754 dextram,

578 3902 649 3976 (l)
678 3903 982 3971 RicheriuS,
1013 3904 1102 3960 lib.
1138 3919 1212 3971 lv,
1238 3921 1346 3976 cap.
1383 3905 1442 3958 41
1473 3948 1485 3970 ,
1519 3902 1587 3958 42
1608 3947 1621 3970 ,
1653 3901 1753 3970 43,
1787 3903 1855 3957 44
1884 3908 1935 3959 et
1960 3903 2047 3958 45.
