3100 4792
1449 465 1536 534 45

469 629 891 702 Nihilominus
953 630 1116 700 male
1181 629 1348 717 apud
1407 650 1633 698 omnes
1672 631 2018 713 audiebat,
2068 632 2152 699 ita
2190 643 2298 714 ut,
2358 653 2507 700 cum

468 746 882 814 Remensium
920 744 1150 814 civium
1190 745 1430 827 odium,
1473 744 1844 831 fastidiaque
1880 756 2221 832 pateretur,
2254 759 2505 835 tempus

469 860 854 929 desideraret
890 880 1016 946 quo
1055 859 1310 929 humilis
1347 860 1699 928 monachus
1736 859 1801 925 in
1842 861 2131 929 coenobio
2170 863 2505 932 obscuram

467 977 655 1044 vitam
690 976 948 1064 degeret
981 974 1091 1064 (l).
1138 977 1430 1042 Attamen
1464 974 1570 1042 ubi
1604 993 1682 1042 eo
1714 974 2023 1043 adductus
2054 984 2153 1044 est
2188 988 2256 1044 ut
2292 977 2507 1066 digni-

467 1103 619 1175 tate,
643 1092 1023 1160 instantibus
1047 1091 1447 1173 adversariis,
1473 1090 1871 1179 spoliaretur,
1907 1102 2043 1159 tum
2074 1093 2257 1162 firmo
2290 1093 2505 1164 animo

467 1219 652 1296 atque
685 1229 933 1276 summa
966 1208 1025 1275 vi
1063 1208 1575 1296 aggredientibus
1613 1208 1876 1276 obstitit.

551 1323 875 1392 lohannes
896 1334 1106 1393 autem
1132 1324 1296 1411 Papa
1327 1323 1582 1411 Hugoni
1608 1323 1841 1411 Capeto
1872 1343 2141 1410 regnum
2172 1324 2502 1412 usurpanti

465 1437 724 1506 minime
771 1458 842 1506 se
889 1437 1210 1506 infensum
1254 1438 1542 1525 praebuit.
1601 1437 1726 1506 Sed
1776 1437 2116 1506 Galliarum
2164 1427 2496 1526 episcopos

461 1572 630 1639 aegre
665 1552 805 1622 tulit
839 1551 903 1618 in
941 1552 1271 1620 decretalia
1310 1553 1707 1620 rebellantes.
1765 1553 1981 1639 ltaque
2033 1552 2240 1620 statim
2289 1553 2369 1620 ab
2419 1573 2497 1621 eo

461 1666 696 1734 missus
725 1665 792 1732 in
828 1665 1089 1735 Galliam
1127 1667 1372 1755 legatus
1409 1667 1515 1754 qui
1557 1667 1890 1734 Arnulfum
1925 1667 1990 1733 in
2028 1667 2198 1735 sedis
2235 1687 2497 1755 posses-

459 1781 706 1849 sionem
743 1781 1129 1864 restitueret,
1171 1793 1357 1868 atque
1393 1779 1730 1870 episcopiS‚
1772 1783 2018 1850 concilii
2054 1783 2252 1851 sancti
2290 1782 2496 1850 Basoli

458 1895 897 1982 participibuS‚
956 1896 1151 1963 sacris
1202 1895 1624 1966 interdiceret.
1679 1897 1832 1966 Inde
1880 1897 2221 1966 Gerbertus
2265 1919 2497 1986 pugnae

459 2034 531 2083 se
567 2014 929 2102 accingere,
971 2014 1314 2083 sententias
1351 2025 1613 2102 actaque
1645 2014 1889 2082 concilii
1925 2015 2119 2097 tueri,
2160 2015 2496 2104 episcopo-

459 2149 601 2195 rum
661 2128 907 2196 animos
959 2127 1238 2215 erigere,
1305 2128 1584 2215 pontifici
1646 2149 1909 2198 romano
1972 2130 2302 2199 obsistere.
2377 2129 2492 2197 His

455 2243 663 2311 verbis
699 2243 1013 2311 labantem
1049 2243 1394 2331 Seguinum
1442 2253 1506 2312 et
1555 2243 1705 2331 quid
1752 2244 1935 2312 faciat
1967 2245 2277 2313 incertum
2326 2245 2489 2313 inci-

452 2369 542 2427 tat
579 2385 730 2427 «....
774 2361 992 2429 Romae
1020 2361 1254 2429 ‘dicitur
1290 2382 1433 2430 esse
1470 2363 1578 2448 qui
1611 2381 1711 2444 ea,
1753 2381 1893 2450 quae
1925 2361 2269 2444 damnatis,
2299 2361 2491 2449 justi-

451 2474 627 2556 ficet,
669 2485 733 2542 et
767 2495 907 2562 quae
937 2476 1105 2561 justa
1140 2476 1371 2563 putatis
1404 2475 1661 2542 damnet
1698 2496 1714 2542 ε
1758 2487 1822 2544 ct
1856 2496 1976 2543 nos
2013 2476 2281 2544 dicimus
2318 2476 2491 2563 quod

452 2589 561 2656 Dei
611 2599 854 2656 tantum
901 2601 999 2657 est
1041 2603 1105 2658 et
1150 2610 1278 2659 non
1326 2588 1635 2663 hominis,
1688 2609 1761 2658 ea
1812 2610 1953 2677 quae
1990 2590 2280 2659 videntur
2318 2590 2487 2676 justa

451 2703 782 2787 damnare,
821 2715 1059 2792 et'quae
1091 2706 1252 2772 mala
1283 2715 1581 2792 putantur
1605 2757 1623 2787 ‚
1654 2704 2110 2790 justificare...
2154 2706 2485 2788 Quomodo

451 2836 603 2904 ergo
649 2819 851 2886 nostri
897 2820 1104 2886 aemuli
1156 2819 1404 2894 dicunt,
1455 2820 1627 2907 quod
1683 2819 1747 2886 in
1795 2821 2035 2887 Arnulli
2088 2821 2483 2908 dejectione,

449 2932 719 3000 Romani
755 2935 1032 3022 episcopi
1063 2935 1375 3020 Judicium
1407 2936 1866 3022 expectandum
1899 2935 2059 3002 suit?
2101 2936 2486 3006 Poteruntne

449 3049 676 3119 docere
745 3051 1013 3122 Romani
1079 3053 1355 3140 episcopi
1413 3052 1721 3139 judicium
1789 3052 1907 3120 Dei
1969 3052 2207 3141 judicio
2276 3052 2484 3141 majus

446 3161 621 3231 esse!
655 3163 778 3232 Sed
811 3165 1052 3252 primus
1089 3166 1520 3234 Romanorum
1555 3167 1925 3255 episcopuS,
1961 3168 2157 3236 immo
2196 3168 2481 3257 ipsorum

447 3281 873 3368 apostolorum
906 3281 1196 3368 princeps
1226 3282 1453 3349 clamat
1489 3303 1503 3347 ε
1554 3279 1807 3369 Oportet
1835 3271 2237 3350 obedire'Deo
2269 3284 2484 3371 mayis

444 3415 644 3482 quam
677 3395 1067 3464 hominibus.
1111 3397 1346 3464 Clamat
1379 3406 1440 3464 et
1471 3395 1607 3483 ipse
1639 3395 1810 3463 orbis
1841 3406 2147 3465 terrarum
2181 3396 2485 3484 magister

441 3506 673 3575 Paulus
715 3529 732 3575 :
785 3505 864 3574 Si
899 3508 1046 3596 quis
1081 3509 1256 3576 vobis
1291 3509 1777 3578 annunciaverit
1818 3518 2054 3597 praeter
2098 3512 2270 3599 quod
2304 3533 2481 3579 acce-

518 3769 588 3843 (1)
618 3772 736 3828 Rer.
770 3772 948 3829 Gallie.
981 3773 1188 3846 script„
1219 3781 1260 3830 t.
1290 3789 1348 3841 x,
1378 3792 1428 3846 p.
1463 3775 1587 3831 418.
1623 3773 1801 3830 Abbati
1828 3774 1989 3830 sancti
2010 3775 2209 3832 Geraldi
2238 3783 2289 3832 et
2315 3777 2483 3832 fratri-

447 3865 543 3920 bus
572 3866 864 3923 GerbertuS.
