3100 4792
1570 421 1657 490 48

603 609 668 667 et
719 597 962 664 irritum
994 594 1186 675 ¹lieri,
1231 594 1410 682 juxta
1460 591 1633 679 quod
1690 593 2013 678 apostolus
2072 591 2159 658 ait
2220 611 2237 658 ε
2293 591 2639 658 hereticum

600 710 928 776 hominem
955 716 1011 775 et
1047 707 1128 774 ab
1155 707 1410 773 ecclesia
1445 705 1909 772 dissentientem
1940 705 2199 792 penitus
2235 704 2466 770 devita.
2508 703 2640 772 Nec

600 823 812 889 minus
869 819 1326 888 abdicationem
1387 817 1629 884 Arnulfi
1680 828 1745 886 et
1794 816 2256 904 promotionem
2315 816 2633 901 Gerberti‚

598 947 786 1026 prout
821 937 898 1004 ab
936 935 1029 1003 eis
1066 935 1365 1002 ordinatae
1402 944 1465 1001 et
1494 943 1761 1020 peractae
1792 942 2031 1014 essent,
2070 941 2371 1018 perpetuo
2408 932 2639 1018 placuit
2756 995 2765 1004 .

598 1054 865 1135 sanciri,
925 1053 1100 1140 juxta
1160 1052 1328 1137 quod
1387 1051 1451 1117 iu
1521 1050 1870 1118 canonibus
1928 1048 2232 1135 scriptum
2298 1049 2565 1116 habetur
2610 1071 2629 1116 :

597 1167 837 1236 Sinodo
867 1164 1258 1252 provinciali
1290 1170 1639 1245 statutum,
1684 1183 1726 1228 a
1760 1162 1938 1228 nullo
1976 1169 2203 1228 temere
2240 1161 2632 1247 labefactan-

594 1273 774 1348 dum.
821 1277 907 1368 (l)
948 1303 980 1342 »
1026 1277 1227 1344 Verba
1266 1275 1516 1344 Ricberi
1556 1275 1619 1341 in
1658 1284 1921 1344 extenso
1960 1275 2181 1344 afferre
2216 1274 2371 1342 mihi
2402 1275 2635 1362 placuit

596 1414 736 1480 quae
771 1393 1028 1460 maximi
1063 1391 1370 1460 momenti
1417 1411 1560 1459 esse
1606 1383 1812 1461 nemo
1844 1410 1972 1458 non
2020 1390 2349 1472 fatebitur-3
2402 1391 2633 1478 quippe

593 1509 732 1595 quae
784 1507 1116 1595 episcopos
1167 1506 1377 1574 Galliae
1443 1525 1569 1572 una
1605 1525 1759 1574 voce
1809 1524 2058 1572 necnon
2123 1517 2188 1573 et
2248 1526 2375 1573 una
2420 1516 2632 1576 mente

591 1625 944 1712 yallicanas
981 1624 1303 1691 doctrinas
1334 1623 1522 1691 tutari
1559 1623 1953 1691 denuntient.

683 1736 921 1804 Eadem
945 1746 1078 1803 erat
1098 1736 1539 1824 episcoporum
1574 1755 1763 1803 causa
1794 1747 1982 1822 atque
2014 1736 2183 1824 regis
2215 1736 2528 1824 HugoniS.
2566 1738 2630 1806 Is

591 1855 759 1923 enim
784 1867 853 1923 ut
873 1856 1172 1923 Aruulfus
1194 1856 1272 1923 de
1295 1856 1446 1924 sede
1481 1855 1849 1923 deturbatur
1883 1855 2115 1941 Papam
2136 1855 2441 1922 sollicitus
2470 1855 2623 1942 agit,

591 1993 964 2060 summaque
997 1973 1345 2042 reverentia
1376 1973 1494 2040 sibi
1526 1993 1673 2040 eum
1707 1969 2039 2039 conciliare
2071 1981 2356 2040 conatur.
2394 1999 2428 2030 cc
2466 1971 2629 2039 Bea-

588 2087 839 2155 'titudini
882 2097 1108 2155 vestrae
1155 2108 1276 2176 ego
1321 2100 1383 2156 et
1432 2087 1712 2174 episcopi
1759 2087 1883 2154 mei
1932 2107 2046 2173 per
2088 2085 2165 2152 T.
2214 2086 2627 2155 Archidiaco-

588 2223 742 2269 num
782 2202 1008 2289 scripta
1047 2202 1415 2284 direximuS‚
1457 2202 1521 2268 in
1561 2201 1791 2288 quibus
1838 2201 2079 2267 Arnulfi
2124 2201 2399 2269 rationes
2444 2202 2626 2272 vobis

590 2315 1084 2402 explanavimus.
1131 2314 1256 2382 Sed
1301 2314 1424 2426 hoc
1468 2333 1641 2379 nunc
1678 2312 2068 2380 obsecrando
2106 2313 2620 2400 superaddimuS‚

589 2439 660 2495 ut
697 2429 882 2509 mihi,
929 2429 1212 2516 meisque
1245 2428 1413 2514 justa
1460 2426 1844 2510 decernatiS‚
1894 2447 2013 2494 nec
2049 2427 2236 2494 dubia
2275 2449 2391 2515 pro
2436 2432 2625 2500 certis

587 2543 925 2631 recipiatis.
976 2543 1141 2609 Nihil
1193 2563 1313 2610 nos
1363 2553 1580 2610 contra
1632 2541 2048 2629 apostolatum
2083 2551 2364 2608 vestrum
2413 2544 2623 2630 egisse

586 2660 825 2728 scimus
869 2683 884 2727 :
928 2661 1096 2748 quod
1135 2661 1189 2728 si
1221 2661 1587 2728 absentibus
1617 2681 1745 2727 non
1780 2660 1933 2728 satis
1964 2661 2241 2743 creditis,
2278 2675 2622 2748 praesentes

585 2775 663 2842 de
710 2775 1126 2861 praesentibus
1167 2795 1315 2843 vera
1353 2774 1742 2862 cognoscite.
1789 2774 2249 2862 Gratianopolis
2294 2776 2511 2846 civitas
2554 2779 2621 2846 in

581 2887 708 2955 fine
749 2887 936 2955 ltaliae
972 2899 1038 2956 et
1077 2888 1288 2955 Galliae
1325 2887 1444 2955 sita
1493 2898 1615 2971 est,
1661 2887 1738 2956 ad
1777 2908 1965 2974 quam
2004 2889 2246 2957 romani
2286 2890 2621 2962 Pontifices

579 3001 966 3070 Francorum
1020 3003 1274 3090 regibus
1327 3022 1658 3070 occurrere
1710 3001 1875 3070 soliti
1924 3012 2097 3068 sunt.
2150 3003 2290 3072 Hoc
2335 3005 2390 3072 si
2438 3007 2619 3084 vobis

577 3115 814 3201 placet,
857 3116 1082 3184 iterare
1118 3117 1417 3204 possibile
1455 3128 1575 3184 est.
1630 3121 1709 3183 At
1745 3117 1799 3183 si
1836 3136 1957 3184 nos
1994 3127 2057 3184 et
2089 3128 2304 3185 nostra
2347 3118 2619 3188 invisere

577 3230 757 3313 libet,
801 3252 1053 3300 summo
1090 3252 1234 3299 cum
1273 3232 1516 3299 honore
1559 3231 2045 3300 descendentem
2084 3232 2162 3300 de
2203 3233 2462 3320 Alpibus
2498 3255 2615 3302 ex-

571 3343 880 3431 cipiemus
923 3367 940 3412 :
1000 3355 1379 3427 morantem,
1447 3366 1522 3413 ac
1586 3346 1951 3414 redeuntem
2015 3347 2237 3415 debitis
2294 3348 2615 3434 obsequiis

572 3477 1054 3544 prosequemur.
1099 3460 1235 3528 Hoc
1273 3481 1349 3528 ex
1394 3459 1641 3548 integro
1679 3461 1905 3529 affectu
1942 3461 2241 3545 dicimus,
2280 3471 2348 3529 ut
2381 3463 2612 3550 intelli7

568 3571 735 3658 gatis
769 3583 835 3639 et
863 3574 1288 3660 cognoscatiS‚
1328 3594 1445 3642 nos
1483 3585 1546 3642 et
1576 3585 1829 3642 nostros
1862 3585 2067 3643 vestra
2105 3577 2270 3645 nolle
2301 3577 2612 3647 declinare

639 3803 714 3876 (1)
745 3804 996 3862 Richcrus
1017 3851 1029 3873 ,
1059 3808 1147 3864 lib.
1182 3824 1264 3878 lv,
1296 3827 1405 3882 cap.
1436 3812 1524 3867 89.
