3100 4792
1487 475 1573 543 59

506 658 814 728 responso
843 648 1100 726 accepto
1132 638 1478 707 redierunt.
1517 637 1704 720 Quod
1740 640 2013 726 peccatis
2049 641 2286 710 nostris
2322 663 2549 730 perve-

502 751 640 819 nire
673 771 802 818 non
839 751 1099 818 dubium
1138 761 1270 833 est,
1314 759 1386 819 ut
1421 770 1682 818 romana
1731 750 2029 834 ecclesia,
2072 773 2212 839 quae
2248 765 2447 823 mater
2485 767 2549 824 et

501 878 691 955 caput
717 868 1001 935 omnium
1033 867 1440 936 ecclesiarum
1477 877 1602 949 est,
1637 887 1751 955 per
1783 868 2175 955 tyrannidem
2212 877 2539 958 oppressa,

501 979 713 1046 omnia
736 981 1020 1048 membra
1048 980 1506 1048 debilitentur?.
1523 1028 1571 1046 ..
1599 979 1653 1046 Ο
1676 980 2012 1074 christiana
2045 982 2225 1060 fides,
2253 1004 2293 1051 o
2322 985 2542 1072 religio

501 1095 870 1180 christiana;
932 1097 1075 1184 quis
1131 1117 1409 1185 unquam
1480 1117 1722 1165 nocens
1785 1098 2148 1183 habebitur,
2214 1101 2269 1168 si
2326 1101 2541 1188 patriae

499 1209 782 1294 proditor
812 1210 998 1280 bodie
1029 1211 1200 1310 velut
1233 1211 1539 1279 innocens
1567 1211 1949 1278 absolvitur?
1972 1212 2208 1281 Sileant
2244 1214 2539 1283 ammodo

504 1322 707 1408 legeS,
751 1324 892 1411 jura
943 1344 1165 1412 regum
1217 1323 1679 1406 conticescant,
1717 1324 1770 1392 si
1808 1325 2127 1393 neminem
2181 1326 2248 1392 in
2284 1326 2539 1414 judiciis

499 1439 804 1527 attingere
832 1441 928 1509 fas
957 1452 1078 1524 est,
1108 1441 1228 1509 nisi
1255 1461 1443 1527 quem
1479 1441 1880 1509 Crescentius
1910 1451 2215 1529 tyrannus
2246 1443 2540 1512 mercede

497 1553 846 1622 conductus
881 1555 1148 1624 voluerit
1191 1555 1516 1624 absolvere
1550 1555 1649 1623 vel
1704 1554 1969 1643 punire?
2005 1556 2219 1643 patriae
2256 1556 2540 1645 proditor

495 1665 653 1733 ferat
708 1668 1032 1755 praemium
1091 1680 1154 1738 et
1211 1669 1320 1756 qui
1368 1688 1508 1737 eam
1569 1668 1960 1752 liberaverit,
2034 1670 2415 1758 propellatur
2472 1671 2539 1738 in

497 1781 776 1850 exilium.
792 1835 806 1850 .
821 1833 838 1851 .
858 1810 908 1850 »-

590 1896 789 1965 Litem
818 1918 969 1966 vero
1003 1898 1128 1967 Leo
1157 1898 1351 1966 abbas
1381 1917 1512 1965 non
1536 1898 1925 1985 composuit,
1962 1907 2061 1974 et,
2102 1897 2296 1966 invito
2331 1897 2531 1986 Papa,

497 2012 838 2081 Gerbertus
867 2014 934 2081 in
965 2015 1116 2083 sede
1146 2014 1475 2091 Remensi,
1523 2015 1588 2080 in
1621 2034 1875 2084 carcere
1926 2015 2227 2082 Arnulfus
2278 2035 2535 2082 reman—

498 2127 603 2194 sit.
639 2128 822 2195 Errat
857 2128 1045 2216 igitur
1077 2129 1383 2197 Baronius
1419 2128 1526 2214 qui
1558 2129 1693 2195 haec
1724 2127 1994 2196 asserit:
2026 2154 2059 2187 α
2100 2127 2217 2195 Hic
2249 2138 2536 2215 spectare

495 2245 663 2327 licet,
705 2255 936 2332 quanta
973 2245 1234 2324 coluerit
1269 2244 1665 2312 observantia
1703 2244 1917 2332 Hugo,
1958 2263 2071 2311 rex
2112 2243 2529 2326 Francorum,

493 2361 845 2428 Johannem
878 2361 1262 2449 pontificem,
1291 2371 1360 2428 ut
1391 2361 1559 2428 nulla
1591 2359 1798 2428 habita
1834 2360 2075 2428 ratione
2105 2380 2352 2435 eorum,
2390 2379 2532 2446 quae

369 2455 398 2468 ‘
494 2476 561 2543 in
591 2477 987 2565 Arnulphum
1019 2476 1298 2564 synodus
1329 2476 1736 2558 decrevisset,
1774 2495 1981 2563 neque
2008 2474 2166 2562 juris
2197 2475 2529 2562 regnandi,

493 2603 565 2659 ut
599 2593 981 2679 obsequatur
1017 2591 1135 2680 ipsi
1186 2611 1450 2659 romano
1496 2590 1815 2661 Pontifici.
1866 2589 1934 2656 in
1980 2589 2311 2658 ecclesiam
2357 2589 2536 2657 Rhe-

494 2727 778 2776 mensem
828 2705 1069 2774 restitui
1123 2705 1518 2793 Arnulphum
1576 2703 1874 2771 eductum
1928 2701 2009 2769 de
2072 2720 2323 2768 carcere
2372 2699 2537 2788 pati-

493 2831 594 2888 tur
645 2819 756 2910 (1).
809 2846 841 2886 »
901 2821 998 2887 Ex
1042 2820 1314 2888 Richero
1363 2819 1534 2888 enim
1585 2815 1672 2906 (2)
1724 2836 1975 2884 necnon
2026 2825 2091 2883 et
2141 2813 2433 2902 Gregorii
2483 2814 2537 2879 V

493 2935 677 3024 Papae
718 2934 938 3003 litteris
984 2944 1232 3002 constat
1274 2953 1601 3021 nunquam
1645 2929 1887 3019 gallicis
1939 2927 2256 3016 episcopis
2308 2926 2536 3013 Hugo-

492 3070 638 3117 nem
688 3071 903 3138 regem
947 3049 1255 3132 defuisse,
1305 3049 1434 3116 imo
1480 3047 1853 3115 Gerbertum
1905 3043 2031 3112 vivi
2087 3043 2257 3131 regis
2308 3042 2539 3110 auxilio

493 3163 723 3232 fretum
755 3164 972 3233 sedem
1003 3163 1283 3232 tenuisse
1315 3160 1430 3251 (ὅ).

583 3279 827 3346 Acerba
875 3288 1085 3347 autem
1143 3276 1400 3344 victoria
1450 3275 1598 3351 fuit;
1644 3295 1869 3362 graves
1915 3273 2085 3342 enim
2123 3271 2537 3341 contumelias

566 3577 644 3651 (1)
673 3580 806 3634 Ann.
837 3578 1120 3634 ecclesiast.
1144 3622 1157 3646 ,
1186 3585 1225 3633 t.
1256 3593 1378 3646 xv1,
1409 3595 1459 3650 p.
1497 3578 1623 3634 339.
2218 3652 2225 3659 .

567 3673 646 3748 (2)
685 3695 706 3725 α
741 3673 1012 3730 Gerbertus
1038 3673 1222 3730 iterum
1248 3674 1461 3731 Romam
1491 3672 1597 3728 adit
1637 3688 1769 3729 anno
1805 3671 1935 3739 997,
1974 3670 2151 3745 ibique
2181 3685 2297 3726 cum
2344 3684 2535 3726 morant

494 3768 710 3836 faceret,
742 3767 986 3824 Arnulfus
1011 3784 1040 3824 a
1062 3768 1303 3825 Rotberto
1329 3784 1446 3839 rege
1473 3767 1766 3823 dimittitur.
1806 3788 1827 3818 n

567 3864 639 3936 (3)
668 3865 834 3931 Pertz,
865 3870 1190 3920 monumenta
1217 3863 1349 3922 Hist.
1383 3865 1551 3921 Germ.
1579 3909 1592 3932 ,
1623 3869 1661 3919 t.
1698 3878 1793 3931 111,
1827 3881 1875 3935 p.
1910 3862 2031 3917 694.
