<?xml version="1.0" encoding="UTF-8"?>
<!DOCTYPE html PUBLIC "-//W3C//DTD XHTML 1.0 Transitional//EN"
    "http://www.w3.org/TR/xhtml1/DTD/xhtml1-transitional.dtd">
<html xmlns="http://www.w3.org/1999/xhtml" xml:lang="en" lang="en">
 <head>
  <title>
</title>
<meta http-equiv="Content-Type" content="text/html;charset=utf-8" />
  <meta name='ocr-system' content='tesseract 3.04.00' />
  <meta name='ocr-capabilities' content='ocr_page ocr_carea ocr_par ocr_line ocrx_word'/>
</head>
<body>
  <div class='ocr_page' id='page_1' title='image "./quaepartesfueri00mourgoog_0017.png"; bbox 0 0 3100 4792; ppageno 0'>
   <div class='ocr_carea' id='block_1_1' title="bbox 1427 435 1514 503">
    <p class='ocr_par' dir='ltr' id='par_1_1' title="bbox 1427 435 1514 503">
     <span class='ocr_line' id='line_1_1' title="bbox 1427 435 1514 503; baseline 0.011 -1"><span class='ocrx_word' id='word_1_1' title='bbox 1427 435 1514 503; x_wconf 83' lang='lat'>‘13</span> 
     </span>
    </p>
   </div>
   <div class='ocr_carea' id='block_1_2' title="bbox 414 604 2489 3462">
    <p class='ocr_par' dir='ltr' id='par_1_2' title="bbox 443 604 2489 1268">
     <span class='ocr_line' id='line_1_2' title="bbox 451 604 2489 695; baseline 0.004 -24"><span class='ocrx_word' id='word_1_2' title='bbox 451 605 570 672; x_wconf 91' lang='lat' dir='ltr'>zilo</span> <span class='ocrx_word' id='word_1_3' title='bbox 616 604 838 671; x_wconf 80' lang='lat' dir='ltr'>fratres</span> <span class='ocrx_word' id='word_1_4' title='bbox 879 615 1080 672; x_wconf 86' lang='lat' dir='ltr'>erant.</span> <span class='ocrx_word' id='word_1_5' title='bbox 1127 604 1266 685; x_wconf 85' lang='lat' dir='ltr'>Quo</span> <span class='ocrx_word' id='word_1_6' title='bbox 1315 604 1561 686; x_wconf 83' lang='lat' dir='ltr'>audito,</span> <span class='ocrx_word' id='word_1_7' title='bbox 1608 607 1949 675; x_wconf 88' lang='lat' dir='ltr'>exercitum</span> <span class='ocrx_word' id='word_1_8' title='bbox 1988 608 2118 695; x_wconf 87' lang='lat' dir='ltr'>jam</span> <span class='ocrx_word' id='word_1_9' title='bbox 2165 610 2489 680; x_wconf 83' lang='lat' dir='ltr'>dimissam</span> 
     </span>
     <span class='ocr_line' id='line_1_3' title="bbox 449 721 2480 816; baseline 0.005 -29"><span class='ocrx_word' id='word_1_10' title='bbox 449 732 703 789; x_wconf 84' lang='lat' dir='ltr'>revocat</span> <span class='ocrx_word' id='word_1_11' title='bbox 744 721 1097 805; x_wconf 81' lang='lat' dir='ltr'>LothariuS,</span> <span class='ocrx_word' id='word_1_12' title='bbox 1136 723 1461 810; x_wconf 91' lang='lat' dir='ltr'>repentina</span> <span class='ocrx_word' id='word_1_13' title='bbox 1495 724 1903 811; x_wconf 79' lang='lat' dir='ltr'>aggressione</span> <span class='ocrx_word' id='word_1_14' title='bbox 1935 726 2155 794; x_wconf 90' lang='lat' dir='ltr'>urbem</span> <span class='ocrx_word' id='word_1_15' title='bbox 2194 740 2480 816; x_wconf 87' lang='lat' dir='ltr'>occupat.</span> 
     </span>
     <span class='ocr_line' id='line_1_4' title="bbox 449 829 2487 932; baseline 0.003 -26"><span class='ocrx_word' id='word_1_16' title='bbox 449 829 523 906; x_wconf 71' lang='lat' dir='ltr'>a‘c</span> <span class='ocrx_word' id='word_1_17' title='bbox 559 849 776 925; x_wconf 89' lang='lat' dir='ltr'>captos</span> <span class='ocrx_word' id='word_1_18' title='bbox 814 837 1076 905; x_wconf 81' lang='lat' dir='ltr'>comites</span> <span class='ocrx_word' id='word_1_19' title='bbox 1114 838 1178 905; x_wconf 92' lang='lat' dir='ltr'>in</span> <span class='ocrx_word' id='word_1_20' title='bbox 1212 859 1527 907; x_wconf 80' lang='lat' dir='ltr'>carcerem</span> <span class='ocrx_word' id='word_1_21' title='bbox 1568 839 1819 926; x_wconf 85' lang='lat' dir='ltr'>conjicit</span> <span class='ocrx_word' id='word_1_22' title='bbox 1859 842 1975 927; x_wconf 92' lang='grc' dir='ltr'>(Ι).</span> <span class='ocrx_word' id='word_1_23' title='bbox 2014 842 2179 910; x_wconf 93' lang='lat' dir='ltr'>Nihil</span> <span class='ocrx_word' id='word_1_24' title='bbox 2216 845 2487 932; x_wconf 86' lang='lat' dir='ltr'>amplius</span> 
     </span>
     <span class='ocr_line' id='line_1_5' title="bbox 447 952 2481 1046; baseline 0.002 -25"><span class='ocrx_word' id='word_1_25' title='bbox 447 974 519 1021; x_wconf 89' lang='lat' dir='ltr'>ea</span> <span class='ocrx_word' id='word_1_26' title='bbox 551 953 630 1022; x_wconf 92' lang='lat' dir='ltr'>de</span> <span class='ocrx_word' id='word_1_27' title='bbox 662 974 731 1021; x_wconf 91' lang='lat' dir='ltr'>re</span> <span class='ocrx_word' id='word_1_28' title='bbox 763 963 973 1020; x_wconf 84' lang='lat' dir='ltr'>narrat</span> <span class='ocrx_word' id='word_1_29' title='bbox 1003 952 1354 1021; x_wconf 89' lang='lat' dir='ltr'>Richerius.</span> <span class='ocrx_word' id='word_1_30' title='bbox 1386 952 1670 1021; x_wconf 88' lang='lat' dir='ltr'>Gerberti</span> <span class='ocrx_word' id='word_1_31' title='bbox 1702 975 1851 1023; x_wconf 87' lang='lat' dir='ltr'>vero</span> <span class='ocrx_word' id='word_1_32' title='bbox 1885 976 1963 1023; x_wconf 85' lang='lat' dir='ltr'>ex</span> <span class='ocrx_word' id='word_1_33' title='bbox 1987 957 2291 1044; x_wconf 85' lang='lat' dir='ltr'>epistolis.</span> <span class='ocrx_word' id='word_1_34' title='bbox 2331 959 2481 1046; x_wconf 87' lang='lat' dir='ltr'>quid</span> 
     </span>
     <span class='ocr_line' id='line_1_6' title="bbox 443 1066 2480 1155; baseline 0.002 -22"><span class='ocrx_word' id='word_1_35' title='bbox 443 1067 509 1134; x_wconf 91' lang='lat' dir='ltr'>in</span> <span class='ocrx_word' id='word_1_36' title='bbox 546 1069 665 1135; x_wconf 82' lang='lat' dir='ltr'>hac</span> <span class='ocrx_word' id='word_1_37' title='bbox 701 1066 1102 1135; x_wconf 83' lang='lat' dir='ltr'>contentione</span> <span class='ocrx_word' id='word_1_38' title='bbox 1138 1067 1407 1134; x_wconf 79' lang='lat' dir='ltr'>senserit</span> <span class='ocrx_word' id='word_1_39' title='bbox 1451 1078 1558 1133; x_wconf 91' lang='lat' dir='ltr'>aut</span> <span class='ocrx_word' id='word_1_40' title='bbox 1601 1067 1800 1155; x_wconf 86' lang='lat' dir='ltr'>egerit</span> <span class='ocrx_word' id='word_1_41' title='bbox 1844 1068 2154 1138; x_wconf 87' lang='lat' dir='ltr'>Adalhero</span> <span class='ocrx_word' id='word_1_42' title='bbox 2200 1069 2480 1140; x_wconf 87' lang='lat' dir='ltr'>Remen-</span> 
     </span>
     <span class='ocr_line' id='line_1_7' title="bbox 445 1179 1617 1268; baseline -0.003 -20"><span class='ocrx_word' id='word_1_43' title='bbox 445 1181 566 1264; x_wconf 81' lang='lat' dir='ltr'>siS,</span> <span class='ocrx_word' id='word_1_44' title='bbox 603 1181 666 1248; x_wconf 91' lang='lat' dir='ltr'>in</span> <span class='ocrx_word' id='word_1_45' title='bbox 698 1180 904 1248; x_wconf 89' lang='lat' dir='ltr'>lucem</span> <span class='ocrx_word' id='word_1_46' title='bbox 937 1179 1216 1268; x_wconf 80' lang='lat' dir='ltr'>proferre</span> <span class='ocrx_word' id='word_1_47' title='bbox 1253 1199 1617 1267; x_wconf 90' lang='lat' dir='ltr'>possumus.</span> 
     </span>
    </p>

    <p class='ocr_par' dir='ltr' id='par_1_3' title="bbox 421 1292 2479 3115">
     <span class='ocr_line' id='line_1_8' title="bbox 533 1292 2479 1381; baseline 0.002 -19"><span class='ocrx_word' id='word_1_48' title='bbox 533 1299 719 1363; x_wconf 87' lang='lat' dir='ltr'>Anno</span> <span class='ocrx_word' id='word_1_49' title='bbox 748 1294 910 1375; x_wconf 71' lang='lat'>984,</span> <span class='ocrx_word' id='word_1_50' title='bbox 941 1294 1068 1381; x_wconf 73' lang='lat' dir='ltr'>jam</span> <span class='ocrx_word' id='word_1_51' title='bbox 1105 1292 1452 1361; x_wconf 87' lang='lat' dir='ltr'>crebriores</span> <span class='ocrx_word' id='word_1_52' title='bbox 1485 1293 1783 1380; x_wconf 84' lang='lat' dir='ltr'>epistolas</span> <span class='ocrx_word' id='word_1_53' title='bbox 1814 1293 2126 1381; x_wconf 89' lang='lat' dir='ltr'>episcopis</span> <span class='ocrx_word' id='word_1_54' title='bbox 2150 1295 2479 1365; x_wconf 85' lang='lat' dir='ltr'>Germanis</span> 
     </span>
     <span class='ocr_line' id='line_1_9' title="bbox 441 1407 2478 1498; baseline 0.001 -22"><span class='ocrx_word' id='word_1_55' title='bbox 441 1410 772 1498; x_wconf 88' lang='lat' dir='ltr'>inscriptas</span> <span class='ocrx_word' id='word_1_56' title='bbox 807 1410 1018 1497; x_wconf 87' lang='lat' dir='ltr'>legere</span> <span class='ocrx_word' id='word_1_57' title='bbox 1054 1418 1173 1476; x_wconf 88' lang='lat' dir='ltr'>est.</span> <span class='ocrx_word' id='word_1_58' title='bbox 1211 1407 1583 1477; x_wconf 87' lang='lat' dir='ltr'>Othoniensi</span> <span class='ocrx_word' id='word_1_59' title='bbox 1616 1408 1791 1496; x_wconf 88' lang='lat' dir='ltr'>stirpi</span> <span class='ocrx_word' id='word_1_60' title='bbox 1830 1409 1912 1477; x_wconf 90' lang='lat' dir='ltr'>ob</span> <span class='ocrx_word' id='word_1_61' title='bbox 1952 1409 2144 1476; x_wconf 89' lang='lat' dir='ltr'>multa</span> <span class='ocrx_word' id='word_1_62' title='bbox 2175 1410 2478 1480; x_wconf 84' lang='lat' dir='ltr'>beneficia</span> 
     </span>
     <span class='ocr_line' id='line_1_10' title="bbox 441 1527 2475 1616; baseline 0 -17"><span class='ocrx_word' id='word_1_63' title='bbox 441 1531 702 1612; x_wconf 79' lang='lat' dir='ltr'>addicti,</span> <span class='ocrx_word' id='word_1_64' title='bbox 753 1529 927 1598; x_wconf 87' lang='lat' dir='ltr'>obliti</span> <span class='ocrx_word' id='word_1_65' title='bbox 975 1538 1125 1596; x_wconf 89' lang='lat' dir='ltr'>sunt</span> <span class='ocrx_word' id='word_1_66' title='bbox 1172 1529 1701 1616; x_wconf 82' lang='lat' dir='ltr'>Archiepiscopus</span> <span class='ocrx_word' id='word_1_67' title='bbox 1740 1539 1803 1596; x_wconf 88' lang='lat' dir='ltr'>et</span> <span class='ocrx_word' id='word_1_68' title='bbox 1837 1527 2189 1596; x_wconf 82' lang='lat' dir='ltr'>monachus</span> <span class='ocrx_word' id='word_1_69' title='bbox 2233 1550 2375 1599; x_wconf 91' lang='lat' dir='ltr'>sese</span> <span class='ocrx_word' id='word_1_70' title='bbox 2410 1531 2475 1600; x_wconf 91' lang='lat' dir='ltr'>in</span> 
     </span>
     <span class='ocr_line' id='line_1_11' title="bbox 440 1643 2475 1734; baseline 0.001 -21"><span class='ocrx_word' id='word_1_71' title='bbox 440 1645 668 1728; x_wconf 90' lang='lat' dir='ltr'>Gallia,</span> <span class='ocrx_word' id='word_1_72' title='bbox 715 1645 1005 1713; x_wconf 86' lang='lat' dir='ltr'>Lothario</span> <span class='ocrx_word' id='word_1_73' title='bbox 1043 1667 1226 1734; x_wconf 83' lang='lat' dir='ltr'>rege,</span> <span class='ocrx_word' id='word_1_74' title='bbox 1264 1645 1524 1713; x_wconf 88' lang='lat' dir='ltr'>versari.</span> <span class='ocrx_word' id='word_1_75' title='bbox 1570 1643 1932 1712; x_wconf 85' lang='lat' dir='ltr'>Attendenti</span> <span class='ocrx_word' id='word_1_76' title='bbox 1970 1655 2177 1712; x_wconf 87' lang='lat' dir='ltr'>autem</span> <span class='ocrx_word' id='word_1_77' title='bbox 2222 1655 2285 1714; x_wconf 90' lang='lat' dir='ltr'>et</span> <span class='ocrx_word' id='word_1_78' title='bbox 2321 1648 2475 1715; x_wconf 89' lang='lat' dir='ltr'>obs-</span> 
     </span>
     <span class='ocr_line' id='line_1_12' title="bbox 438 1760 2467 1851; baseline 0 -22"><span class='ocrx_word' id='word_1_79' title='bbox 438 1782 586 1829; x_wconf 91' lang='lat' dir='ltr'>cura</span> <span class='ocrx_word' id='word_1_80' title='bbox 618 1761 902 1848; x_wconf 84' lang='lat' dir='ltr'>quaedam</span> <span class='ocrx_word' id='word_1_81' title='bbox 940 1764 1128 1850; x_wconf 78' lang='lat' dir='ltr'>verba</span> <span class='ocrx_word' id='word_1_82' title='bbox 1162 1763 1411 1851; x_wconf 90' lang='lat' dir='ltr'>penitus</span> <span class='ocrx_word' id='word_1_83' title='bbox 1449 1760 1777 1844; x_wconf 85' lang='lat' dir='ltr'>scrutanti,</span> <span class='ocrx_word' id='word_1_84' title='bbox 1814 1781 2033 1829; x_wconf 90' lang='lat' dir='ltr'>eorum</span> <span class='ocrx_word' id='word_1_85' title='bbox 2067 1763 2467 1845; x_wconf 86' lang='lat' dir='ltr'>sententiam,</span> 
     </span>
     <span class='ocr_line' id='line_1_13' title="bbox 433 1874 2465 1961; baseline -0 -19"><span class='ocrx_word' id='word_1_86' title='bbox 433 1874 827 1943; x_wconf 88' lang='lat' dir='ltr'>densissimis</span> <span class='ocrx_word' id='word_1_87' title='bbox 852 1875 1128 1944; x_wconf 89' lang='lat' dir='ltr'>tenebris</span> <span class='ocrx_word' id='word_1_88' title='bbox 1145 1876 1458 1944; x_wconf 90' lang='lat' dir='ltr'>interdum</span> <span class='ocrx_word' id='word_1_89' title='bbox 1477 1874 1848 1954; x_wconf 86' lang='lat' dir='ltr'>involutam,</span> <span class='ocrx_word' id='word_1_90' title='bbox 1875 1874 2284 1961; x_wconf 87' lang='lat' dir='ltr'>introspicere</span> <span class='ocrx_word' id='word_1_91' title='bbox 2298 1875 2465 1956; x_wconf 90' lang='lat' dir='ltr'>licet,</span> 
     </span>
     <span class='ocr_line' id='line_1_14' title="bbox 434 1985 2466 2076; baseline -0 -20"><span class='ocrx_word' id='word_1_92' title='bbox 434 1999 497 2056; x_wconf 90' lang='lat' dir='ltr'>et</span> <span class='ocrx_word' id='word_1_93' title='bbox 532 1988 761 2076; x_wconf 90' lang='lat' dir='ltr'>quibus</span> <span class='ocrx_word' id='word_1_94' title='bbox 805 1989 1088 2076; x_wconf 84' lang='lat' dir='ltr'>partibus</span> <span class='ocrx_word' id='word_1_95' title='bbox 1131 1989 1528 2076; x_wconf 82' lang='lat' dir='ltr'>indulgeant,</span> <span class='ocrx_word' id='word_1_96' title='bbox 1574 1986 1694 2054; x_wconf 91' lang='lat' dir='ltr'>etsi</span> <span class='ocrx_word' id='word_1_97' title='bbox 1741 1986 1820 2054; x_wconf 93' lang='lat' dir='ltr'>de</span> <span class='ocrx_word' id='word_1_98' title='bbox 1866 1985 2150 2074; x_wconf 87' lang='lat' dir='ltr'>pluribus</span> <span class='ocrx_word' id='word_1_99' title='bbox 2185 1998 2466 2069; x_wconf 84' lang='lat' dir='ltr'>taceant,</span> 
     </span>
     <span class='ocr_line' id='line_1_15' title="bbox 435 2102 2468 2195; baseline 0.001 -21"><span class='ocrx_word' id='word_1_100' title='bbox 435 2127 802 2194; x_wconf 85' lang='lat' dir='ltr'>agnoscere.</span> <span class='ocrx_word' id='word_1_101' title='bbox 854 2131 971 2174; x_wconf 74' lang='lat' dir='ltr'>c...</span> <span class='ocrx_word' id='word_1_102' title='bbox 1029 2109 1219 2176; x_wconf 87' lang='lat' dir='ltr'>Multa</span> <span class='ocrx_word' id='word_1_103' title='bbox 1257 2107 1489 2176; x_wconf 89' lang='lat' dir='ltr'>chartis</span> <span class='ocrx_word' id='word_1_104' title='bbox 1535 2127 1665 2174; x_wconf 88' lang='lat' dir='ltr'>non</span> <span class='ocrx_word' id='word_1_105' title='bbox 1714 2105 2029 2175; x_wconf 84' lang='lat' dir='ltr'>credimus</span> <span class='ocrx_word' id='word_1_106' title='bbox 2069 2102 2208 2193; x_wconf 81' lang='lat' dir='ltr'>quae</span> <span class='ocrx_word' id='word_1_107' title='bbox 2247 2107 2468 2195; x_wconf 82' lang='lat' dir='ltr'>legatis</span> 
     </span>
     <span class='ocr_line' id='line_1_16' title="bbox 437 2220 2471 2310; baseline 0.002 -21"><span class='ocrx_word' id='word_1_108' title='bbox 437 2221 979 2290; x_wconf 59' lang='lat' dir='ltr'>committimus..</span> <span class='ocrx_word' id='word_1_109' title='bbox 1042 2223 1204 2291; x_wconf 87' lang='lat' dir='ltr'>Huic</span> <span class='ocrx_word' id='word_1_110' title='bbox 1271 2221 1474 2291; x_wconf 87' lang='lat' dir='ltr'>abbati</span> <span class='ocrx_word' id='word_1_111' title='bbox 1534 2221 1797 2288; x_wconf 86' lang='lat' dir='ltr'>Airardo</span> <span class='ocrx_word' id='word_1_112' title='bbox 1850 2220 1967 2288; x_wconf 88' lang='lat' dir='ltr'>sibi</span> <span class='ocrx_word' id='word_1_113' title='bbox 2024 2220 2245 2288; x_wconf 89' lang='lat' dir='ltr'>intimo</span> <span class='ocrx_word' id='word_1_114' title='bbox 2295 2233 2471 2310; x_wconf 86' lang='lat' dir='ltr'>pater</span> 
     </span>
     <span class='ocr_line' id='line_1_17' title="bbox 429 2334 2463 2426; baseline 0 -23"><span class='ocrx_word' id='word_1_115' title='bbox 429 2357 611 2404; x_wconf 91' lang='lat' dir='ltr'>meus</span> <span class='ocrx_word' id='word_1_116' title='bbox 659 2337 970 2405; x_wconf 83' lang='lat' dir='ltr'>Adalbero</span> <span class='ocrx_word' id='word_1_117' title='bbox 1009 2336 1188 2405; x_wconf 89' lang='lat' dir='ltr'>vobis</span> <span class='ocrx_word' id='word_1_118' title='bbox 1237 2358 1348 2426; x_wconf 90' lang='lat' dir='ltr'>per</span> <span class='ocrx_word' id='word_1_119' title='bbox 1396 2336 1608 2403; x_wconf 88' lang='lat' dir='ltr'>omnia</span> <span class='ocrx_word' id='word_1_120' title='bbox 1655 2335 1819 2402; x_wconf 85' lang='lat' dir='ltr'>fidus</span> <span class='ocrx_word' id='word_1_121' title='bbox 1860 2334 2054 2402; x_wconf 86' lang='lat' dir='ltr'>multa</span> <span class='ocrx_word' id='word_1_122' title='bbox 2111 2336 2463 2419; x_wconf 88' lang='lat' dir='ltr'>commisit,</span> 
     </span>
     <span class='ocr_line' id='line_1_18' title="bbox 427 2449 2465 2540; baseline 0.002 -23"><span class='ocrx_word' id='word_1_123' title='bbox 427 2450 504 2519; x_wconf 86' lang='lat' dir='ltr'>dc</span> <span class='ocrx_word' id='word_1_124' title='bbox 551 2460 711 2518; x_wconf 92' lang='lat' dir='ltr'>statu</span> <span class='ocrx_word' id='word_1_125' title='bbox 766 2462 830 2519; x_wconf 86' lang='lat' dir='ltr'>et</span> <span class='ocrx_word' id='word_1_126' title='bbox 871 2473 1026 2540; x_wconf 90' lang='lat' dir='ltr'>pace</span> <span class='ocrx_word' id='word_1_127' title='bbox 1073 2473 1414 2540; x_wconf 81' lang='lat' dir='ltr'>regnorum</span> <span class='ocrx_word' id='word_1_128' title='bbox 1465 2449 1793 2519; x_wconf 87' lang='lat' dir='ltr'>vobiscum</span> <span class='ocrx_word' id='word_1_129' title='bbox 1848 2449 2219 2518; x_wconf 88' lang='lat' dir='ltr'>habenda...</span> <span class='ocrx_word' id='word_1_130' title='bbox 2274 2451 2329 2518; x_wconf 88' lang='grc' dir='ltr'><strong>Ο</strong></span> <span class='ocrx_word' id='word_1_131' title='bbox 2376 2454 2465 2523; x_wconf 89' lang='lat' dir='ltr'>mi</span> 
     </span>
     <span class='ocr_line' id='line_1_19' title="bbox 427 2567 2462 2657; baseline 0.002 -22"><span class='ocrx_word' id='word_1_132' title='bbox 427 2567 632 2656; x_wconf 85' lang='lat' dir='ltr'>pater!</span> <span class='ocrx_word' id='word_1_133' title='bbox 671 2592 948 2639; x_wconf 87' lang='lat' dir='ltr'>moerens</span> <span class='ocrx_word' id='word_1_134' title='bbox 985 2571 1170 2640; x_wconf 83' lang='lat' dir='ltr'>simili</span> <span class='ocrx_word' id='word_1_135' title='bbox 1208 2571 1288 2639; x_wconf 90' lang='lat' dir='ltr'>de</span> <span class='ocrx_word' id='word_1_136' title='bbox 1321 2590 1510 2638; x_wconf 86' lang='lat' dir='ltr'>causa</span> <span class='ocrx_word' id='word_1_137' title='bbox 1546 2579 1919 2636; x_wconf 88' lang='lat' dir='ltr'>moerentem</span> <span class='ocrx_word' id='word_1_138' title='bbox 1959 2569 2187 2657; x_wconf 88' lang='lat' dir='ltr'>quibus</span> <span class='ocrx_word' id='word_1_139' title='bbox 2226 2569 2462 2640; x_wconf 76' lang='lat' dir='ltr'>affabor</span> 
     </span>
     <span class='ocr_line' id='line_1_20' title="bbox 433 2685 2458 2775; baseline 0 -23"><span class='ocrx_word' id='word_1_140' title='bbox 433 2685 674 2753; x_wconf 76' lang='lat' dir='ltr'>verbis?</span> <span class='ocrx_word' id='word_1_141' title='bbox 711 2688 953 2756; x_wconf 85' lang='lat' dir='ltr'>Caesare</span> <span class='ocrx_word' id='word_1_142' title='bbox 986 2687 1265 2756; x_wconf 89' lang='lat' dir='ltr'>destituti</span> <span class='ocrx_word' id='word_1_143' title='bbox 1298 2686 1504 2775; x_wconf 84' lang='lat' dir='ltr'>praeda</span> <span class='ocrx_word' id='word_1_144' title='bbox 1544 2685 1821 2754; x_wconf 89' lang='lat' dir='ltr'>hostium</span> <span class='ocrx_word' id='word_1_145' title='bbox 1855 2705 2101 2752; x_wconf 89' lang='lat' dir='ltr'>sumus.</span> <span class='ocrx_word' id='word_1_146' title='bbox 2144 2685 2458 2754; x_wconf 84' lang='lat' dir='ltr'>Caesarem</span> 
     </span>
     <span class='ocr_line' id='line_1_21' title="bbox 429 2795 2456 2889; baseline 0.001 -23"><span class='ocrx_word' id='word_1_147' title='bbox 429 2800 492 2866; x_wconf 91' lang='lat' dir='ltr'>in</span> <span class='ocrx_word' id='word_1_148' title='bbox 532 2800 654 2867; x_wconf 86' lang='lat' dir='ltr'>filio</span> <span class='ocrx_word' id='word_1_149' title='bbox 690 2821 1020 2888; x_wconf 87' lang='lat' dir='ltr'>superesse</span> <span class='ocrx_word' id='word_1_150' title='bbox 1065 2795 1445 2889; x_wconf 87' lang='lat' dir='ltr'>putavimus.</span> <span class='ocrx_word' id='word_1_151' title='bbox 1488 2800 1543 2867; x_wconf 88' lang='grc' dir='ltr'><strong>Ο</strong></span> <span class='ocrx_word' id='word_1_152' title='bbox 1582 2800 1688 2886; x_wconf 91' lang='lat' dir='ltr'>qui</span> <span class='ocrx_word' id='word_1_153' title='bbox 1736 2798 2053 2886; x_wconf 82' lang='lat' dir='ltr'>prodidit?</span> <span class='ocrx_word' id='word_1_154' title='bbox 2089 2797 2231 2884; x_wconf 87' lang='lat' dir='ltr'>quis</span> <span class='ocrx_word' id='word_1_155' title='bbox 2272 2798 2456 2868; x_wconf 88' lang='lat' dir='ltr'>nohis</span> 
     </span>
     <span class='ocr_line' id='line_1_22' title="bbox 424 2908 2454 3000; baseline -0.002 -22"><span class='ocrx_word' id='word_1_156' title='bbox 424 2911 678 2979; x_wconf 86' lang='lat' dir='ltr'>alteram</span> <span class='ocrx_word' id='word_1_157' title='bbox 716 2913 919 2980; x_wconf 91' lang='lat' dir='ltr'>lucem</span> <span class='ocrx_word' id='word_1_158' title='bbox 958 2911 1223 3000; x_wconf 81' lang='lat' dir='ltr'>eripuit?</span> <span class='ocrx_word' id='word_1_159' title='bbox 1261 2933 1492 3000; x_wconf 84' lang='lat' dir='ltr'>agnum</span> <span class='ocrx_word' id='word_1_160' title='bbox 1532 2910 1754 2992; x_wconf 82' lang='lat' dir='ltr'>matri,</span> <span class='ocrx_word' id='word_1_161' title='bbox 1798 2929 1924 2977; x_wconf 92' lang='lat' dir='ltr'>non</span> <span class='ocrx_word' id='word_1_162' title='bbox 1963 2909 2111 2995; x_wconf 91' lang='lat' dir='ltr'>lupo</span> <span class='ocrx_word' id='word_1_163' title='bbox 2149 2908 2454 2975; x_wconf 87' lang='lat' dir='ltr'>committi</span> 
     </span>
     <span class='ocr_line' id='line_1_23' title="bbox 421 3008 1228 3115; baseline -0.002 -21"><span class='ocrx_word' id='word_1_164' title='bbox 421 3029 697 3114; x_wconf 70' lang='lat' dir='ltr'>oportuit</span> <span class='ocrx_word' id='word_1_165' title='bbox 733 3029 850 3115; x_wconf 67' lang='lat'><strong>(2).</strong></span> <span class='ocrx_word' id='word_1_166' title='bbox 892 3055 921 3092; x_wconf 66' lang='grc' dir='ltr'>ι,</span> <span class='ocrx_word' id='word_1_167' title='bbox 1223 3008 1228 3012; x_wconf 84' lang='grc'><strong>’</strong></span> 
     </span>
    </p>

    <p class='ocr_par' dir='ltr' id='par_1_4' title="bbox 414 3142 2453 3462">
     <span class='ocr_line' id='line_1_24' title="bbox 505 3142 2453 3231; baseline 0 -23"><span class='ocrx_word' id='word_1_168' title='bbox 505 3144 637 3212; x_wconf 90' lang='lat' dir='ltr'>Nec</span> <span class='ocrx_word' id='word_1_169' title='bbox 683 3145 836 3212; x_wconf 87' lang='lat' dir='ltr'>satis</span> <span class='ocrx_word' id='word_1_170' title='bbox 877 3155 975 3212; x_wconf 89' lang='lat' dir='ltr'>est</span> <span class='ocrx_word' id='word_1_171' title='bbox 1014 3145 1390 3212; x_wconf 82' lang='lat' dir='ltr'>Adalberoni</span> <span class='ocrx_word' id='word_1_172' title='bbox 1427 3143 1489 3210; x_wconf 92' lang='lat' dir='ltr'>in</span> <span class='ocrx_word' id='word_1_173' title='bbox 1524 3163 1637 3210; x_wconf 92' lang='lat' dir='ltr'>eos</span> <span class='ocrx_word' id='word_1_174' title='bbox 1667 3155 1929 3231; x_wconf 88' lang='lat' dir='ltr'>questus</span> <span class='ocrx_word' id='word_1_175' title='bbox 1961 3161 2316 3228; x_wconf 90' lang='lat' dir='ltr'>erumpere,</span> <span class='ocrx_word' id='word_1_176' title='bbox 2352 3142 2453 3210; x_wconf 85' lang='lat' dir='ltr'>vel</span> 
     </span>
     <span class='ocr_line' id='line_1_25' title="bbox 417 3257 2445 3345; baseline 0.001 -23"><span class='ocrx_word' id='word_1_177' title='bbox 417 3257 723 3326; x_wconf 88' lang='lat' dir='ltr'>inertibus</span> <span class='ocrx_word' id='word_1_178' title='bbox 753 3259 916 3330; x_wconf 88' lang='lat' dir='ltr'>votis</span> <span class='ocrx_word' id='word_1_179' title='bbox 942 3259 1203 3326; x_wconf 79' lang='lat' dir='ltr'>Caesaris</span> <span class='ocrx_word' id='word_1_180' title='bbox 1234 3258 1428 3325; x_wconf 89' lang='lat' dir='ltr'>filium</span> <span class='ocrx_word' id='word_1_181' title='bbox 1456 3257 1773 3345; x_wconf 88' lang='lat' dir='ltr'>adjuvare,</span> <span class='ocrx_word' id='word_1_182' title='bbox 1800 3277 1985 3343; x_wconf 89' lang='lat' dir='ltr'>quem</span> <span class='ocrx_word' id='word_1_183' title='bbox 2021 3277 2266 3324; x_wconf 88' lang='lat' dir='ltr'>summa</span> <span class='ocrx_word' id='word_1_184' title='bbox 2302 3277 2445 3344; x_wconf 91' lang='lat' dir='ltr'>ope,</span> 
     </span>
     <span class='ocr_line' id='line_1_26' title="bbox 414 3371 2449 3462; baseline 0 -23"><span class='ocrx_word' id='word_1_185' title='bbox 414 3373 474 3439; x_wconf 88' lang='lat' dir='ltr'>vi</span> <span class='ocrx_word' id='word_1_186' title='bbox 513 3375 734 3458; x_wconf 87' lang='lat' dir='ltr'>etiam,</span> <span class='ocrx_word' id='word_1_187' title='bbox 777 3375 829 3442; x_wconf 91' lang='lat' dir='ltr'>si</span> <span class='ocrx_word' id='word_1_188' title='bbox 870 3395 971 3442; x_wconf 91' lang='lat' dir='ltr'>res</span> <span class='ocrx_word' id='word_1_189' title='bbox 1008 3373 1316 3462; x_wconf 87' lang='lat' dir='ltr'>postulet,</span> <span class='ocrx_word' id='word_1_190' title='bbox 1366 3382 1639 3440; x_wconf 89' lang='lat' dir='ltr'>tueatur.</span> <span class='ocrx_word' id='word_1_191' title='bbox 1698 3397 1730 3434; x_wconf 94' lang='lat'>«</span> <span class='ocrx_word' id='word_1_192' title='bbox 1776 3372 1907 3439; x_wconf 84' lang='lat' dir='ltr'>Nos</span> <span class='ocrx_word' id='word_1_193' title='bbox 1953 3371 2205 3459; x_wconf 90' lang='lat' dir='ltr'>quidem</span> <span class='ocrx_word' id='word_1_194' title='bbox 2251 3371 2449 3459; x_wconf 87' lang='lat' dir='ltr'>pietas</span> 
     </span>
    </p>
   </div>
   <div class='ocr_carea' id='block_1_3' title="bbox 485 3656 2443 3824">
    <p class='ocr_par' dir='ltr' id='par_1_5' title="bbox 485 3656 2443 3824">
     <span class='ocr_line' id='line_1_27' title="bbox 487 3656 1428 3728; baseline -0.001 -17"><span class='ocrx_word' id='word_1_195' title='bbox 487 3657 557 3728; x_wconf 88' lang='lat'>(1)</span> <span class='ocrx_word' id='word_1_196' title='bbox 587 3657 858 3712; x_wconf 86' lang='lat' dir='ltr'>Richerius</span> <span class='ocrx_word' id='word_1_197' title='bbox 881 3701 893 3722; x_wconf 95' lang='lat'>,</span> <span class='ocrx_word' id='word_1_198' title='bbox 922 3657 1011 3712; x_wconf 91' lang='lat' dir='ltr'>lib.</span> <span class='ocrx_word' id='word_1_199' title='bbox 1047 3670 1137 3724; x_wconf 85' lang='lat'>111,</span> <span class='ocrx_word' id='word_1_200' title='bbox 1165 3673 1271 3728; x_wconf 88' lang='lat' dir='ltr'>cap.</span> <span class='ocrx_word' id='word_1_201' title='bbox 1308 3656 1428 3712; x_wconf 87' lang='lat'>107.</span> 
     </span>
     <span class='ocr_line' id='line_1_28' title="bbox 485 3750 2443 3824; baseline 0 -18"><span class='ocrx_word' id='word_1_202' title='bbox 485 3751 556 3823; x_wconf 72' lang='lat'>(2)</span> <span class='ocrx_word' id='word_1_203' title='bbox 588 3751 650 3806; x_wconf 94' lang='lat' dir='ltr'>D.</span> <span class='ocrx_word' id='word_1_204' title='bbox 690 3752 953 3824; x_wconf 89' lang='lat' dir='ltr'>Bouquet,</span> <span class='ocrx_word' id='word_1_205' title='bbox 999 3759 1038 3808; x_wconf 88' lang='lat' dir='ltr'>t.</span> <span class='ocrx_word' id='word_1_206' title='bbox 1085 3767 1170 3819; x_wconf 79' lang='lat' dir='ltr'>tx,</span> <span class='ocrx_word' id='word_1_207' title='bbox 1213 3769 1261 3824; x_wconf 90' lang='lat' dir='ltr'>p.</span> <span class='ocrx_word' id='word_1_208' title='bbox 1303 3751 1425 3808; x_wconf 75' lang='lat'><strong>275.</strong></span> <span class='ocrx_word' id='word_1_209' title='bbox 1468 3751 1763 3821; x_wconf 80' lang='lat' dir='ltr'>Moguntino</span> <span class='ocrx_word' id='word_1_210' title='bbox 1801 3750 2173 3822; x_wconf 87' lang='lat' dir='ltr'>archiepiscopo</span> <span class='ocrx_word' id='word_1_211' title='bbox 2216 3750 2443 3806; x_wconf 84' lang='lat' dir='ltr'>Gerberti</span> 
     </span>
    </p>
   </div>
   <div class='ocr_carea' id='block_1_4' title="bbox 410 3846 951 3918">
    <p class='ocr_par' dir='ltr' id='par_1_6' title="bbox 410 3846 951 3918">
     <span class='ocr_line' id='line_1_29' title="bbox 410 3846 951 3918; baseline 0.004 -17"><span class='ocrx_word' id='word_1_212' title='bbox 410 3846 619 3918; x_wconf 88' lang='lat' dir='ltr'>epistola</span> <span class='ocrx_word' id='word_1_213' title='bbox 637 3891 649 3914; x_wconf 90' lang='lat'>‚</span> <span class='ocrx_word' id='word_1_214' title='bbox 673 3864 805 3903; x_wconf 88' lang='lat' dir='ltr'>anno</span> <span class='ocrx_word' id='word_1_215' title='bbox 829 3847 951 3903; x_wconf 69' lang='lat'>984.</span> 
     </span>
    </p>
   </div>
  </div>
 </body>
</html>
