3100 4792
1477 483 1566 554 53

587 653 910 722 Hactenus
951 653 1202 724 Richeri
1251 654 1534 724 historia.
1576 655 1881 725 Praeterea
1932 657 2172 745 aliquot
2218 680 2377 728 rarae
2414 683 2533 730 no·

495 765 646 834 titiae
687 767 981 855 leguntur
1017 788 1157 856 quae
1197 789 1312 857 pro
1353 769 1763 838 fundamento
1808 771 2017 858 operis
2061 773 2354 861 exigendi
2394 796 2538 846 esse

493 881 798 950 habendae
829 882 1143 950 videntur.
1181 883 1330 950 Mihi
1352 903 1504 951 vero
1541 885 1935 972 propositum
1968 907 2184 954 meum
2206 889 2535 959 absolvere

495 997 843 1066 intendenti
879 1019 916 1067 e
953 999 1141 1067 variis
1178 999 1502 1068 materiem
1536 1020 1813 1069 sumam.

588 1120 790 1200 Dum,
845 1120 1090 1208 synodo
1147 1120 1229 1188 ad
1280 1120 1638 1188 coenobium
1689 1121 1889 1189 sancti
1936 1122 2205 1210 Remigii
2257 1123 2527 1204 indicta,

501 1239 628 1306 Leo
675 1237 869 1306 abbas
917 1238 980 1305 in
1030 1237 1365 1306 Germania
1413 1240 1819 1320 versabatur,
1872 1240 2053 1308 allata
2098 1250 2248 1308 sunt
2292 1241 2349 1310 ei
2402 1253 2539 1311 acta

499 1351 742 1420 concilii
783 1351 982 1420 sancti
1020 1351 1226 1420 Basoli
1273 1373 1306 1420 a
1347 1352 1654 1421 Gerberto
1698 1352 1977 1441 digesta,
2019 1364 2082 1422 et
2118 1375 2319 1442 nuper
2356 1358 2537 1443 quasi

496 1464 782 1551 quaedam
809 1465 1234 1533 doctrinarum
1259 1465 1703 1552 gallicanarum
1723 1468 2030 1555 professio
2045 1470 2315 1555 vulgata.
2346 1494 2374 1534 e
2395 1472 2537 1553 Quo

495 1579 655 1651 viso.
686 1579 1096 1648 admiratione
1115 1592 1178 1647 et
1199 1589 1456 1667 stupore
1479 1580 1816 1654 attonitus,
1844 1581 2141 1668 cogitavit
2172 1584 2381 1650 statim
2409 1585 2538 1652 Leo

491 1693 571 1760 ad
597 1693 905 1761 Domuum
925 1694 1338 1772 apostolicum
1354 1694 1582 1763 reverti
1604 1704 1667 1761 et
1690 1695 1749 1762 ei
1771 1695 2046 1763 libellum
2072 1707 2321 1783 portare
2346 1695 2461 1788 (1).
2495 1723 2529 1762 »

485 1789 780 1878 'Attamen
822 1811 1092 1898 Hugone
1129 1821 1191 1878 et
1221 1811 1525 1880 Rotberto
1564 1811 2044 1899 deprecantibus
2078 1827 2359 1881 moratus
2392 1826 2527 1890 est;

491 1925 604 1993 sed
645 1926 930 2013 regibus,
989 1937 1322 2014 antequam
1364 1926 1603 1994 Remos
1645 1940 1971 2014 pergeret,
2015 1927 2368 2014 epistolam,
2410 1949 2534 2015 qua

490 2041 776 2110 Gerberti
825 2055 887 2111 et
945 2043 1311 2130 gallicorum
1357 2042 1799 2131 episcoporum
1852 2043 2181 2111 sententiae
2231 2055 2295 2112 et
2339 2065 2533 2131 argu-

487 2170 699 2226 menta
755 2159 1254 2240 infirmarentur,
1311 2159 1586 2246 scripsit.
1654 2159 1747 2226 Ex
1809 2159 1926 2226 hac
1985 2159 2247 2247 epistola
2279 2211 2297 2241 ,
2351 2165 2527 2246 quae,

487 2273 667 2360 quasi
696 2274 1166 2362 compendium,
1206 2274 1502 2362 operibus
1539 2273 1764 2343 Leonis
1797 2274 2072 2354 amissis,
2105 2275 2293 2355 valet,
2331 2293 2529 2360 quos·

485 2389 631 2457 dam
664 2390 838 2458 locos
868 2411 1204 2478 excerpere
1241 2391 1409 2458 haud
1447 2411 1908 2478 supervacuum
1947 2389 2097 2458 duxi
2140 2391 2259 2477 (2).

575 2505 835 2594 Singula
883 2507 1354 2574 Aurelianensis
1407 2507 1651 2573 Arnulfi
1707 2507 2028 2595 proposita
2086 2506 2285 2594 carpit
2342 2515 2531 2594 atque

483 2624 850 2691 subvertere
885 2623 1269 2711 aggreditur.
1310 2623 1380 2690 ln
1415 2622 1807 2691 adversarios
1852 2622 2165 2710 imprimis
2208 2633 2531 2710 retorquet

483 2737 606 2806 hoc
645 2739 908 2806 verbum
951 2763 988 2802 α
1025 2737 1447 2806 Antichristus
1489 2763 1522 2800 »
1566 2737 1737 2824 quod
1778 2738 2000 2806 crebro
2038 2749 2521 2825 usurpaverant.

492 2876 525 2915 α
574 2853 739 2934 Quid
787 2865 884 2922 est
933 2853 1368 2929 antichristus,
1425 2853 1545 2921 nisi
1595 2853 1947 2922 contrarius
2006 2853 2304 2920 Christo?
2364 2853 2529 2922 Ecce

485 2968 770 3037 Christus
794 2967 974 3051 dixit,
1013 2967 1117 3056 qui
1157 2968 1385 3036 veritas
1416 2977 1514 3037 est
1544 2978 1610 3037 et
1645 2967 1894 3036 mentiri
1932 2987 2061 3035 non
2085 2967 2309 3054 potuit.
2354 2967 2527 3053 quod

485 3088 746 3156 ecclesia
805 3088 968 3157 beati
1022 3088 1186 3157 Petri
1241 3087 1506 3176 apostoli
1571 3087 2047 3155 fundamentum
2108 3086 2191 3154 sit
2242 3086 2527 3154 omnium

485 3201 917 3270 ecclesiarum.
959 3203 1040 3269 Et
1075 3201 1180 3270 ubi
1218 3200 1498 3270 ecclesiae
1535 3221 1790 3289 sperare
1826 3199 2133 3270 debemus
2169 3199 2522 3287 fastigium,

485 3315 606 3385 nisi
642 3318 745 3384 ubi
792 3318 1062 3386 locatum
1116 3327 1214 3385 est
1257 3316 1779 3386 fundamentum?
1826 3317 1917 3385 lbi
1967 3317 2184 3405 procul
2233 3315 2427 3390 ,dubio
2464 3327 2529 3384 et

487 3451 786 3502 cacumen
839 3444 903 3503 et
953 3444 1081 3501 tota
1131 3431 1394 3522 ecclesia
1450 3441 1801 3520 permanet.
1850 3433 2121 3500 Econtra
2178 3431 2526 3499 antichristi

481 3548 671 3617 vestri
695 3548 934 3627 dicunt,
961 3548 1131 3635 quod
1155 3547 1239 3615 ihi
1263 3547 1343 3616 sit
1375 3557 1580 3616 statua
1611 3568 1963 3617 marmorea
1983 3599 2002 3631 ,
2028 3557 2093 3616 et
2126 3558 2194 3616 ut
2222 3547 2525 3635 templum

562 3807 638 3878 (1)
667 3807 837 3875 Pertz,
867 3808 1191 3866 Monumenta
1222 3808 1504 3866 Germaniae
1531 3806 1807 3875 Historica,
1838 3814 1876 3863 t.
1912 3821 2007 3876 111,
2034 3825 2085 3880 p.
2121 3809 2247 3865 686.

559 3900 638 3973 (2)
670 3900 824 3965 Ibid„
861 3919 912 3974 p.
940 3903 1045 3961 686
1074 3910 1125 3959 et
1151 3921 1257 3976 seq.
