3100 4792
1566 467 1646 535 18

587 637 845 707 nomine
877 636 1092 724 paucis
1130 635 1539 703 absolvimus.
1582 634 1911 702 Lotharius
1943 653 2055 701 rex
2092 631 2372 700 Franciae
2401 631 2625 719 praela-

588 766 692 822 tus
725 765 823 821 est
859 754 995 821 solo
1032 752 1327 832 nomine3
1367 751 1556 837 Ilugo
1578 771 1753 832 vero,
1790 771 1915 818 non
1944 749 2199 817 nomine
2232 747 2345 816 sed
2381 757 2521 815 actu
2560 757 2623 814 et

589 889 802 956 opere.
832 866 984 955 Ejus
1015 866 1350 934 amicitiam
1383 865 1436 932 si
1467 865 1530 931 in
1566 885 1902 934 commune
1934 863 2353 950 expetissetiS,
2388 861 2621 928 filium-

587 1005 711 1074 que
756 985 956 1071 ipsius
1010 1004 1155 1050 cum
1204 981 1330 1049 filio
1382 981 1647 1048 Caesaris
1700 981 2143 1068 colligassetis,
2193 979 2325 1066 jam
2383 978 2620 1047 dudum

587 1121 772 1188 reges
805 1100 1192 1167 Francorum
1225 1077 1440 1165 hostes
1472 1118 1600 1164 non
1638 1096 1953 1164 sentiretis
1988 1097 2172 1185 (l).=»
2319 1179 2327 1186 .

676 1215 809 1282 Nec
834 1213 1194 1281 Lotharium
1217 1211 1461 1278 insidiae
1493 1231 1651 1298 quas
1676 1209 1778 1277 isti
1801 1209 2319 1277 machinabantur
2354 1209 2616 1278 latuere.

587 1329 804 1414 ltaque
849 1325 1340 1413 Archiepiscopo
1385 1325 1674 1392 infensus
1724 1343 1793 1391 se
1838 1323 1919 1390 de
1965 1323 2115 1392 sede
2163 1324 2620 1392 Adalberonem

587 1445 987 1512 detrusurum
1023 1463 1165 1511 esse
1191 1442 1546 1509 minabatur
1574 1452 1760 1527 atque
1783 1440 1971 1508 etiam
2000 1450 2395 1508 necaturum.
2430 1465 2457 1503 α
2488 1441 2623 1509 No·-

586 1558 834 1636 verit'is,
872 1557 1088 1624 scribit
1131 1557 1474 1625 Gerbertus
1510 1555 1932 1643 Theophaniae
1980 1554 2390 1641 imperatrici,
2434 1555 2621 1622 etiam

586 1695 772 1762 reges
813 1674 1199 1742 Francorum
1246 1695 1366 1741 nos
1404 1695 1534 1741 non
1570 1671 1769 1759 aequis
1807 1671 2007 1739 oculis
2042 1671 2303 1754 intueri,
2346 1693 2422 1740 eo
2454 1673 2625 1760 quod

586 1789 665 1857 de
690 1799 894 1856 vestra
930 1789 1223 1856 fidelitate
1253 1788 1348 1855 eis
1379 1787 1686 1855 contraria
1713 1785 2084 1868 sentiamuS,
2111 1785 2422 1872 simulque
2454 1787 2625 1874 quod

584 1903 778 1969 multa
848 1901 1262 1970 familiaritate
1327 1902 1611 1970 fruamur
1672 1900 2085 1968 Adalberonis
2154 1901 2623 1990 Archiepiscopi

583 2019 956 2101 Remorum,
987 2041 1176 2107 quem
1210 2020 1395 2086 simili
1429 2019 1507 2087 de
1541 2039 1732 2086 causa
1764 2018 2146 2086 insectantes
2178 2018 2621 2086 infidissimum

585 2135 702 2203 sibi
740 2147 1043 2222 putant...
1089 2137 1217 2203 Res
1255 2156 1332 2203 eo
1365 2135 1674 2223 processit
1712 2145 1783 2202 ut
1810 2135 1942 2222 jam
1981 2155 2106 2202 non
2142 2135 2221 2202 de
2252 2157 2365 2202 sua
2398 2138 2619 2225 expul-

585 2249 764 2318 sione
805 2263 1049 2338 agatur,
1092 2251 1260 2338 quod
1311 2252 1546 2318 malum
1598 2251 1919 2319 tolerabile
1970 2263 2169 2333 esset,
2222 2252 2333 2320 sed
2371 2253 2450 2320 de
2495 2255 2619 2321 vita

584 2373 647 2430 et
682 2365 762 2432 de
799 2365 1108 2452 sanguine
1144 2376 1407 2432 certent.
1452 2365 1593 2432 Hoc
1640 2365 1794 2432 mibi
1842 2385 2060 2432 secum
2110 2386 2449 2434 commune
2484 2380 2614 2450 est,

584 2479 762 2566 quasi
809 2498 878 2546 se
925 2491 1141 2546 contra
1187 2489 1451 2546 conatus
1502 2479 1714 2566 regios
1758 2478 2065 2546 incitanti.
2111 2479 2309 2546 Moles
2350 2479 2619 2567 denique

583 2593 1010 2682 oppressionis
1044 2605 1211 2661 tanta
1248 2605 1345 2663 est
1380 2595 1695 2680 vestrique
1727 2595 2002 2661 nominis
2040 2605 2213 2662 tanta
2246 2595 2513 2677 invidia,
2550 2607 2621 2663 ut

585 2727 734 2774 suas
757 2707 1042 2775 miserias
1065 2708 1252 2776 nullis
1275 2707 1499 2776 audeat
1521 2709 1701 2774 vobis
1724 2708 2076 2794 significare
2099 2708 2418 2796 rescriptis
2441 2709 2557 2798 (2).
2582 2735 2615 2773 »

585 2819 898 2889 Adalbero
967 2833 1177 2890 autern
1214 2875 1231 2902 ,
1291 2823 1358 2889 in
1408 2834 1536 2890 tam
1606 2822 1839 2891 difficili
1902 2843 2113 2891 rerum
2180 2823 2441 2892 articulo
2476 2875 2495 2906 ,
2551 2845 2621 2893 se

587 2937 914 3005 innoxium
971 2938 1284 3026 fidemque
1358 2951 1668 3009 servatam
1729 2939 1942 3006 testari
2010 2964 2127 3006 α...
2204 2940 2351 3027 quia
2410 2941 2621 3010 senior

586 3070 769 3118 meus
798 3051 878 3120 de
914 3053 1312 3121 revocatione
1350 3053 1526 3140 regni
1573 3052 1726 3120 nihil
1766 3051 2021 3135 dixerit,
2065 3053 2178 3120 sed
2215 3054 2293 3121 de
2332 3055 2465 3122 sola
2504 3056 2618 3124 ad·-

585 3167 948 3250 vocatione,
997 3189 1116 3236 nec
1156 3168 1341 3236 dandi
1397 3169 1709 3236 licentiam
1746 3169 1972 3237 clerico
2020 3169 2455 3250 interdixerat,
2508 3172 2619 3239 sed

561 3264 844 3374 *insuper
874 3287 1178 3355 benevole
1216 3298 1647 3371 consenserat,
1687 3298 1754 3355 ut
1791 3309 1826 3355 a
1862 3289 2084 3376 legatis
2121 3289 2281 3356 meis
2311 3289 2617 3371 intellexi,

585 3401 638 3468 si
681 3421 750 3468 ea
795 3403 998 3470 facere
1037 3402 1221 3470 vellet
1265 3423 1404 3490 quae
1451 3414 1629 3491 pater
1678 3403 1812 3470 suis
1856 3403 2279 3490 spoponderat
2318 3414 2382 3472 et
2429 3403 2623 3491 profi-

587 3519 927 3587 ciscentem
980 3520 1217 3587 absolvi
1259 3532 1320 3588 et
1371 3532 1438 3588 ut
1495 3521 1558 3588 id
1608 3541 1722 3609 pro
1777 3541 1903 3608 quo
1956 3520 2209 3589 obsides
2266 3520 2391 3588 dati
2445 3530 2622 3588 erant

644 3785 727 3860 ’(1)
760 3788 820 3843 D.
853 3788 1110 3860 Bouquet,
1141 3794 1180 3843 t.
1214 3803 1299 3855 lx,
1330 3805 1380 3860 p.
1414 3788 1538 3847 282.

661 3883 730 3956 (2)
761 3881 839 3939 Id.
865 3927 877 3950 ,
911 3882 1067 3947 ibid„
1101 3901 1150 3956 p.
1179 3883 1304 3942 283.
