3100 4792
1524 461 1611 530 56

542 631 652 700 Dei
692 629 880 699 nichil
921 628 1052 697 fieri
1089 629 1460 710 confusum,
1508 627 1701 696 nichil
1748 627 2198 698 inordinatum.
2239 628 2583 696 'Verumta-

541 766 688 814 men
716 747 850 813 haee
875 743 1366 832 parvipendebat
1387 754 1564 830 pater
1588 744 1915 820 Aruulfus,
1944 764 2090 811 eum
2125 763 2244 811 suo
2269 742 2589 810 nescimus

543 881 669 948 quo
717 869 999 947 apostate
1039 858 1474 945 (Get-bertus),
1517 857 1770 944 quando
1806 868 1973 925 tanta
2013 868 2229 925 contra
2262 876 2589 925 romanam
2640 897 2645 900 -

541 968 871 1045 ecciesiam
919 973 1056 1041 ausi
1101 983 1250 1041 sunt
1298 973 1605 1045 seribere,
1665 973 1831 1060 quod
1888 993 2009 1041 neo
2058 971 2273 1039 Aiiani
2329 971 2589 1039 heretici

545 1092 1460 1179 aliquandopresumpserunt.
1511 1115 1540 1152 x·
1597 1090 1762 1172 Quid
1808 1110 1969 1177 opus
2018 1090 2349 1158 ecclesiam
2397 1110 2587 1156 manu

545 1205 795 1273 admota
830 1204 1068 1276 fulcire.
1117 1224 1257 1292 quae
1302 1204 1672 1291 aliquando,
1713 1203 1975 1291 perinde
2015 1224 2089 1271 ae
2121 1204 2375 1272 foederis
2413 1225 2583 1288 arca,

544 1319 802 1400 titubat,
841 1338 984 1399 nee,
1023 1329 1091 1385 ut
1121 1326 1440 1404 resurgat,
1479 1317 1679 1384 aliena
1714 1312 1834 1404 ope
1866 1316 2147 1405 indiget?
2188 1342 2217 1380 α
2265 1317 2424 1385 Nam
2471 1319 2588 1389 etsi

544 1436 878 1524 aliquando
912 1437 974 1503 in
1009 1437 1218 1524 aliquo
1243 1456 1500 1504 romana
1533 1435 1798 1504 eeclesia
1830 1435 2141 1517 titubavit,
2161 1457 2304 1504 cum
2330 1437 2583 1524 adJ'uto-

545 1551 640 1620 rio
663 1552 825 1619 Petri
849 1551 1115 1639 apostoli
1137 1551 1268 1639 ipsa
1295 1571 1365 1619 se
1386 1551 1609 1634 erexit,
1628 1561 1701 1620 -et
1724 1551 2018 1620 omnibus
2034 1551 2320 1620 eeclesiis
2336 1573 2589 1640 semper

548 1665 924 1752 adjutorium
984 1666 1283 1754 praehuit3
1350 1665 1486 1753 ipsa
1543 1677 1754 1734 tamen
1812 1667 1890 1733 ab
1950 1665 2155 1753 aliqua
2214 1664 2588 1754 adjutorium

547 1782 809 1849 minime
848 1781 1166 1869 quaesivit‚
1211 1802 1339 1849 non
1379 1781 1512 1848 suis
1550 1782 1821 1862 viribuS,
1865 1781 1977 1858 sed
2016 1781 2125 1849 Dei
2164 1780 2585 1869 adjutorios...

551 1899 677 1966 Ista
715 1899 908 1987 igitur
943 1897 1291 1987 privilegia,
1359 1909 1515 1967 teste
1551 1900 1737 1968 beato
1784 1919 1938 1986 papa
1974 1898 2272 1980 ‘Nicolao‚
2319 1919 2593 1967 romanae

551 2013 831 2083 eeclesiae
883 2033 916 2080 a
971 2013 1219 2082 Christo
1266 2013 1530 2094 donata,
1582 2034 1618 2082 a
1672 2013 1929 2102 synodis
1981 2033 2107 2080 non
2156 2013 2420 2086 donata.
2480 2013 2593 2082 sed

550 2129 990 2197 tantummodo
1029 2130 1338 2197 celebrata
1377 2141 1441 2198 et
1476 2141 1803 2204 venerata.
1856 2149 1995 2216 quae
2039 2129 2395 2197 nullatenus
2438 2149 2595 2217 pos-

551 2255 702 2312 sunt
755 2245 992 2328 minui,
1048 2246 1405 2314 nullatenus
1455 2266 1586 2313 non
1634 2247 1797 2314 valet
1842 2247 2135 2314 amovere
2178 2257 2476 2326 conatuS,
2530 2256 2595 2314 et

552 2362 720 2448 quod
763 2363 928 2430 Deus
967 2363 1214 2442 statuit,
1267 2361 1518 2430 firmum
1561 2362 1961 2450 validumque
2006 2362 2316 2430 consistit.
2357 2363 2592 2430 Verum
2685 2423 2688 2427 .

549 2477 652 2545 ille
706 2489 954 2565 peccat.
1017 2477 1123 2565 qui
1172 2477 1284 2545 Dei
1334 2477 1717 2547 ordinationi
1771 2478 2065 2546 resistere
2114 2490 2397 2566 temptat.
2454 2479 2592 2567 Ipsa

549 2610 825 2679 namque
893 2591 1214 2680 privilegia
1281 2612 1558 2661 romanae
1626 2593 1906 2661 eeclesiae
1965 2593 2226 2681 impingi
2289 2605 2585 2680 possunt,

549 2706 878 2773 transferri
904 2727 1030 2775 non
1066 2718 1369 2794 possunt3
1399 2707 1560 2774 trahi
1591 2718 1891 2794 possunt,
1919 2708 2095 2776 evelli
2128 2729 2254 2775 non
2290 2721 2587 2796 possunt3

549 2845 689 2912 quae
726 2841 1053 2914 permanet
1079 2827 1333 2894 illibata.
1365 2827 1710 2914 Quousque
1736 2813 2143 2895 christianum
2179 2847 2409 2896 nomen
2449 2846 2595 2914 pre·

551 2941 827 3010 dicatum
876 2944 1101 3017 fuerit.
1139 2944 1242 3010 illa
1281 2943 1628 3012 subsistere
1664 2964 1791 3012 non
1826 2944 2096 3012 cessabit
2128 2944 2521 3012 immutilata.
2556 2970 2589 3009 »2

548 3055 841 3126 Canones
900 3057 1128 3145 objecit
1197 3059 1537 3138 Aruulfus3
1589 3058 1691 3125 isti
1732 3079 1882 3127 vero
1929 3070 2079 3127 sunt
2129 3059 2260 3128 veri
2316 3079 2595 3129 canones

548 3171 779 3257 quibus
817 3173 986 3240 sedis
1012 3192 1290 3240 romanae
1313 3172 1456 3259 jura
1481 3172 1874 3240 sanciuntur.
1908 3197 1940 3235 «
1971 3172 2095 3260 Ipsi
2133 3184 2280 3241 sunt
2313 3163 2596 3243 kanones

551 3285 662 3372 qui
697 3287 1146 3374 appellationes
1197 3286 1393 3355 totius
1439 3286 1721 3355 ecciesiae
1768 3287 1845 3354 ad
1891 3287 2079 3375 hujus
2123 3288 2292 3357 sedis
2331 3309 2595 3358 examen

551 3399 810 3468 voluere
851 3400 1114 3477 deferri;
1153 3401 1232 3468 ab
1274 3399 1428 3488 ipsis
1466 3420 1617 3468 vero
1654 3420 1968 3487 nusquam
2007 3421 2267 3488 prorsus
2304 3403 2597 3490 appellari

551 3507 781 3581 debe're
814 3525 1180 3588 sanxerunt,
1232 3534 1307 3582 ac
1344 3534 1455 3601 per
1497 3513 1620 3580 hoc
1655 3513 1823 3580 iliam
1858 3499 1937 3583 de
1973 3526 2103 3583 tota
2140 3515 2399 3584 ecelesia
2429 3515 2595 3603 judi·

551 3651 729 3707 care,
768 3631 969 3718 ipsam
1017 3631 1093 3699 ad
1140 3632 1382 3699 nullum
1426 3651 1784 3701 commeare
1829 3631 2155 3720 juditium,
2195 3653 2313 3702 nec
2350 3634 2428 3702 de
2459 3634 2596 3724 ejus

555 3765 858 3832 umquam
895 3756 1311 3834 preceperunt
1329 3744 1566 3834 judicio
1582 3745 1869 3834 judicari.
1897 3747 2401 3834 sententiamque
2430 3738 2594 3816 illius

547 3880 679 3928 non
713 3870 1033 3948 oporteret
1063 3859 1351 3928 dissolui.
1396 3886 1428 3925 x·
1475 3861 1779 3931 Aruulfus
1815 3881 2127 3930 venenum
2162 3861 2418 3946 indicat,
2453 3882 2596 3931 me·-
