3100 4792
1404 475 1490 546 49

414 640 734 728 judicia...
773 665 805 704 x·
853 641 941 728 (l)
993 641 1176 709 Haud
1227 642 1360 710 scio
1407 662 1486 710 an
1541 641 1730 730 Hugo
1759 642 1893 730 jam
1940 645 2277 713 amicitiam
2318 667 2465 714 cum

425 755 704 822 romanis
742 755 1142 824 Pontificibus
1180 758 1424 826 sancire
1463 757 1751 844 agitaret,
1778 766 1875 840 et,
1904 770 2170 846 urgente
2208 762 2469 829 Carlen-

425 870 588 938 sium
630 871 964 952 memoria,
1001 892 1181 939 suam
1219 871 1418 959 ipsius
1449 872 1691 960 prolem
1730 892 1765 938 a
1800 871 1963 959 Papa
2002 885 2310 941 sacratam
2348 897 2467 944 vo-

426 988 669 1057 luisset.
707 988 832 1056 Sed
869 987 1160 1076 precibus
1193 987 1453 1056 minime
1491 998 1703 1055 motus
1739 987 2063 1057 Johannes
2108 991 2301 1078 Alpes
2338 1012 2471 1059 non

429 1105 714 1181 transiit;
783 1113 846 1172 at
909 1125 1060 1171 mox
1115 1103 1252 1190 ejus
1312 1103 1591 1191 legatum
1654 1121 1692 1170 a
1750 1102 2081 1172 Germanis
2147 1116 2470 1194 receptum

428 1242 538 1290 rex
575 1232 638 1289 et
675 1220 952 1308 episcopi
991 1218 1308 1287 audivere.

517 1337 573 1400 A
611 1335 933 1423 gallicanis
971 1344 1178 1402 autem
1229 1332 1530 1402 doctrinis
1582 1331 1863 1420 germani
1912 1332 2190 1421 episcopi
2234 1334 2470 1402 abhor-

431 1451 688 1526 rebant,
740 1450 846 1537 qui
885 1448 1261 1538 Apostolicae
1299 1448 1469 1516 sedis
1518 1447 1781 1536 imperio
1821 1458 1953 1516 toto
1999 1448 2210 1517 animo
2248 1450 2470 1517 stude-

428 1565 603 1632 bant.
643 1565 812 1652 Ergo
844 1563 1243 1650 indignantes
1276 1562 1445 1650 quod
1482 1563 1783 1630 Arnulfus
1815 1563 2144 1649 ejiceretur
2178 1588 2207 1626 α
2232 1564 2471 1634 domno

426 1681 699 1749 Johanui
738 1682 918 1770 Papae
951 1702 1063 1769 per
1099 1681 1396 1768 epistolas
1435 1700 1870 1768 saepenumero
1909 1683 2357 1770 suggerebant,
2402 1695 2473 1751 ut

429 1795 714 1864 Gerberti
767 1796 1114 1864 Remorum
1175 1795 1637 1885 metropolitani
1695 1797 2155 1883 promotionem
2217 1798 2472 1867 abdica-

430 1919 526 1978 ret
561 1911 671 2000 (Ξ).
715 1934 747 1972 »
793 1911 1050 1978 Frustra
1097 1910 1272 1977 omni
1317 1930 1437 1997 ope
1481 1910 1831 1978 Germanos
1866 1931 2165 1979 revocare
2210 1923 2473 1981 conatur

428 2025 796 2107 Gerbertus‚
840 2026 1070 2113 quibus
1104 2046 1240 2102 res,
1284 2037 1355 2092 ut
1391 2036 1586 2113 gestae
1624 2025 1771 2099 sint.
1818 2036 1882 2094 et
1918 2026 2261 2111 doctrinaS‚
2304 2039 2375 2094 ut
2408 2028 2475 2095 in

428 2142 625 2210 Gallia
678 2144 1090 2230 praevaleant.
1135 2142 1198 2208 in
1232 2141 1466 2230 insigni
1509 2141 1774 2229 epistola
1813 2141 2181 2210 Wilderodo
2221 2144 2475 2230 Argen-

429 2256 562 2324 tino
631 2256 929 2344 episcopo
997 2255 1295 2343 inscripta
1364 2266 1686 2323 accurrate
1747 2255 2057 2323 enucleat.
2118 2255 2473 2324 Amicitiam

429 2373 726 2460 reposcit,
771 2385 832 2440 ct
870 2373 1192 2459 antiquum
1235 2372 1439 2440 foedus
1471 2384 1534 2440 et
1565 2373 1786 2458 merjta
1835 2384 2165 2441 memorat.
2212 2397 2243 2436 α
2288 2369 2475 2442 Nunc

433 2499 492 2556 te
525 2487 834 2557 convenio
867 2509 1134 2576 meaque
1172 2489 1282 2556 tibi
1316 2488 1477 2555 seria
1511 2507 1811 2576 suggero,
1849 2509 2077 2577 magne
2115 2489 2227 2557 Dei
2260 2509 2473 2558 sacer-

430 2604 584 2688 doS‚
619 2625 740 2692 ego
772 2625 1004 2692 parvus
1036 2604 1276 2672 meritis
1308 2624 1435 2671 non
1468 2604 1611 2671 loco
1643 2605 1962 2672 sacerdos.
2004 2605 2141 2691 Ego
2171 2603 2274 2672 ille
2309 2605 2474 2671 mul-

429 2732 563 2788 tum
607 2721 875 2808 Jactatus
922 2719 1105 2787 terris
1156 2731 1218 2788 et
1256 2720 1412 2792 alto.
1458 2718 1609 2788 dum
1656 2719 2175 2808 philosophorum
2221 2719 2475 2788 inventa

428 2856 799 2924 persequor,
830 2835 978 2902 dum
1013 2846 1234 2922 gentes
1257 2834 1751 2923 indisciplinatas
1776 2835 1949 2923 fugio
1982 2845 2044 2903 et
2066 2854 2193 2901 non
2226 2834 2423 2902 evado
2452 2856 2467 2900 ε

430 2971 576 3039 ego,
612 2951 893 3038 inquam.
925 2950 1032 3038 qui
1066 2970 1311 3038 magnae
1335 2951 1508 3018 urbis
1538 2950 1886 3018 Remorum
1915 2949 2176 3038 proditae
2196 3001 2213 3030 ‚
2241 2958 2303 3016 et
2324 2969 2473 3036 cap-

431 3065 538 3134 tivi
577 3085 650 3134 ac
694 3064 939 3152 spoliati
976 3065 1190 3153 populi
1228 3085 1374 3152 pars
1411 3085 1539 3132 non
1579 3085 1769 3152 parva
1807 3064 1928 3146 fui,
1971 3063 2048 3132 ad
2083 3075 2144 3131 te
2182 3063 2359 3151 quasi
2393 3063 2473 3130 ad

430 3180 814 3248 tutissimum
861 3179 1158 3267 confugio
1203 3191 1481 3266 portum.
1541 3179 1713 3267 Ergo
1759 3179 2086 3247 fluctuanti
2136 3179 2472 3246 salutarem

429 3297 681 3385 porrige
731 3317 1023 3374 manum,
1077 3297 1313 3364 fessum
1374 3296 1601 3369 alleva.
1646 3295 1850 3384 paria,
1907 3296 1961 3363 si
2018 3296 2149 3363 sors
2192 3294 2467 3374 dederit,

429 3430 928 3499 repensurum...
971 3410 1066 3476 Tu
1104 3410 1230 3478 scis
1271 3430 1370 3478 me
1408 3409 1809 3478 Germaniam
1847 3419 1911 3478 et
1947 3410 2261 3499 Belgicam
2300 3430 2473 3478 sem-

428 3543 540 3610 per
595 3524 942 3592 honorasse
1001 3533 1070 3590 ut
1127 3523 1482 3602 dominam,
1547 3524 1821 3593 coluisse
1874 3535 1943 3592 ut
2000 3535 2299 3606 matrem,
2358 3545 2473 3612 pro

500 3782 571 3855 (1)
601 3783 783 3846 Labbe,
819 3782 1064 3852 Concilia,
1097 3785 1156 3839 T.
1187 3797 1276 3850 lx,
1305 3784 1402 3840 col.
1441 3784 1563 3840 763.

502 3877 574 3952 (2)
601 3878 883 3948 RicheruS,
913 3878 1004 3935 lib.
1039 3893 1114 3946 lv,
1147 3895 1256 3951 cap.
1289 3879 1376 3936 95.
