3100 4792
1492 497 1578 566 29

606 664 690 728 At
724 661 910 749 paulo
947 674 1092 751 post
1128 663 1481 752 Episcopus
1529 689 1561 729 c
1602 667 1859 736 funibus
1899 687 2007 756 per
2053 672 2392 740 fenestram
2436 675 2553 743 de-

514 775 784 859 missuS,
825 788 1108 865 tempore
1139 789 1451 847 nocturno
1494 800 1661 867 equo
1697 791 1915 850 vectus
1952 784 2218 872 aufugit.
2262 786 2340 852 Et
2362 799 2447 854 -ut
2484 807 2555 856 se

515 889 740 957 Carolo
775 910 906 960 non
942 891 1171 960 favisse
1205 905 1623 978 monstraret,
1668 896 1748 963 ad
1785 917 1971 984 reges
2006 919 2149 966 sese
2186 902 2449 969 contulit
2488 914 2557 971 et

517 1027 550 1073 a
582 1017 754 1075 tanta
798 1008 1146 1096 suspitione
1191 1011 1478 1098 purgavit
1514 1011 1624 1102 (1).
1668 1038 1698 1077 »
1757 1013 2034 1097 Interea,
2078 1036 2225 1084 vere
2264 1018 2551 1101 favente,

516 1123 715 1212 (anno
749 1121 915 1212 989)
955 1123 1140 1212 Hugo
1178 1125 1468 1213 filiusque
1513 1129 1649 1213 ejus
1695 1129 2044 1212 Robertus,
2085 1131 2150 1198 in
2189 1133 2555 1202 societatem

515 1238 695 1326 regni
728 1238 1079 1322 admissus,
1124 1242 1496 1310 Laudunum
1541 1244 1818 1312 exercitu
1864 1265 2098 1334 magno
2134 1247 2546 1316 circumdant.

515 1355 758 1436 Quibus
809 1364 1062 1424 strenue
1116 1367 1422 1444 repugnat
1453 1359 1753 1442 CaroluS,
1791 1370 1892 1444 et,
1949 1381 2171 1429 mense
2224 1364 2548 1449 Augusto,

515 1469 737 1538 castris
781 1471 948 1538 ferro
993 1482 1056 1539 et
1085 1471 1376 1540 incendio
1406 1474 1691 1557 vastatis,
1732 1475 1881 1542 dum
1928 1475 2139 1562 fugam
2177 1490 2548 1564 properant,

513 1583 768 1651 exultat.
808 1585 950 1652 Mox
983 1598 1170 1673 prout
1207 1606 1360 1674 opes
1393 1597 1727 1674 augentur,
1764 1609 1910 1676 spes
1946 1589 2135 1658 etiam
2168 1602 2488 1659 crescunt.

605 1701 945 1788 incipiente
968 1722 1135 1770 anno
1157 1702 1319 1785 990,
1357 1703 1510 1770 obiit
1535 1703 2061 1792 Archiepiscopus
2086 1705 2399 1787 Adalbero
2430 1707 2547 1793 (2).

514 1815 735 1882 Fidem
775 1837 974 1903 usque
1011 1817 1074 1884 in
1115 1838 1428 1886 summam
1466 1818 1634 1886 diem
1673 1819 1929 1906 Hugoni
1966 1819 2251 1906 praestitit
2293 1840 2309 1884 :
2363 1843 2394 1882 «ι
2437 1820 2553 1888 Per

513 1930 754 2017 legatos
794 1932 975 2019 regi,
1019 1943 1168 2000 tunc
1215 1933 1432 2000 Parisii
1485 1934 1935 2016 commoranti,
1976 1934 2273 2003 indicavit
2308 1955 2452 2004 sese
2486 1935 2552 2003 in

513 2065 770 2132 gravem
805 2047 1212 2115 valitudinem
1257 2046 1601 2129 decidisse3
1652 2048 1821 2116 unde
1865 2059 1929 2116 et
1965 2049 2024 2116 ei
2072 2049 2548 2130 maturandum,

445 2186 449 2190 ⁷
515 2179 598 2228 ne
643 2160 912 2229 Karolus
955 2162 1061 2248 qui
1109 2175 1316 2230 cetera
1362 2162 1599 2230 Remos
1646 2162 1833 2230 etiam
1880 2164 2269 2251 pervaderet.
2324 2189 2355 2228 1·
2416 2163 2553 2232 Rex

515 2296 692 2358 vero,
734 2277 1130 2347 Adalberone
1166 2280 1300 2368 jam
1345 2290 1631 2362 mortuo,
1674 2279 1911 2348 Remos
1954 2280 2207 2348 intravit
2238 2277 2349 2370 (3).
2396 2305 2431 2344 «
2480 2281 2553 2348 ln

584 2568 654 2641 (1)
684 2570 974 2638 RicheriUS,
1005 2571 1095 2653 lib.
1128 2585 1204 2638 lv,
1234 2587 1344 2642 cap.
1367 2571 1459 2626 20.
1485 2569 1565 2627 Cf.
1585 2569 1860 2642 Epistulam
1880 2570 1941 2625 ad
1962 2569 2235 2641 Episcopos
2255 2586 2319 2625 ex
2338 2585 2551 2641 persona

511 2663 841 2720 Adalberonis
869 2665 1221 2721 Laudunensis
1244 2709 1256 2732 ‚
1289 2665 1420 2738 apud
1447 2665 1510 2721 D.
1540 2665 1802 2737 Bouquet,
1831 2670 1871 2720 t.
1902 2677 1979 2731 lx,
2010 2682 2059 2736 p.
2094 2663 2218 2720 288.

583 2762 657 2836 (2)
687 2763 916 2818 Graviter
935 2764 1068 2819 dolet
1091 2763 1366 2820 Gerbertus
1388 2764 1448 2819 de
1467 2763 1796 2829 Adalberonis
1816 2768 1997 2817 morte.
2029 2761 2173 2833 Apud
2197 2760 2258 2816 D.
2296 2760 2547 2831 Bouquet,

511 2864 549 2912 t.
573 2873 630 2913 x.
661 2879 754 2912 ι...
778 2858 1006 2928 Repente
1034 2857 1110 2912 sic
1137 2874 1196 2914 eo
1223 2858 1450 2928 privatus
1479 2873 1613 2923 sum,
1644 2863 1702 2912 ut
1728 2873 1810 2912 me
1847 2871 2113 2927 superesse
2141 2869 2547 2926 expavescerem.

512 2951 704 3024 Quippe
751 2969 868 3008 cum
905 2959 1042 3008 esset
1081 2952 1228 3008 nobis
1273 2969 1360 3008 cor
1406 2968 1566 3008 unum
1614 2958 1665 3006 et
1708 2951 1875 3008 anima
1918 2967 2050 3016 una,
2092 2965 2185 3004 nec
2226 2950 2399 3004 hostes
2440 2948 2552 3021 ejus

509 3053 743 3118 putarent
771 3047 1072 3102 translatum
1094 3090 1107 3113 ,
1138 3063 1254 3102 cum
1285 3062 1366 3102 me
1397 3039 1664 3118 superesse
1691 3045 2019 3100 viderent....
2052 3058 2103 3116 p:
2136 3043 2260 3098 406.
2296 3063 2317 3092 n
2346 3074 2417 3082 —-
2444 3063 2465 3093 α
2496 3042 2551 3096 Id

510 3154 820 3204 momentum
857 3165 917 3203 ac
954 3164 1011 3203 ea
1053 3146 1131 3202 vis
1175 3152 1283 3202 erat
1325 3146 1527 3201 Domini
1562 3146 1662 3201 mei
1708 3151 1759 3201 et
1798 3145 1953 3217 patris
1989 3145 2086 3199 mei
2126 3142 2457 3199 Adalberonis
2494 3142 2548 3197 in

510 3241 678 3297 causis
707 3238 1040 3312 pendentibus
1061 3258 1125 3296 ex
1154 3246 1366 3300 aeterno,
1401 3245 1537 3295 uteo
1566 3239 1618 3294 in
1637 3257 1802 3295 rerum
1825 3239 2071 3311 principia
2098 3239 2341 3304 resoluto,
2364 3237 2417 3292 in
2437 3237 2549 3308 pri-

512 3341 752 3395 mordiale
772 3340 924 3396 chaos
944 3345 1204 3410 putaretur
1223 3339 1445 3394 mundus
1467 3336 1690 3393 relabi...
1713 3354 1763 3408 p.
1788 3337 1910 3393 400.
1933 3357 2034 3388 »--
2048 3336 2114 3392 Se
2134 3335 2195 3391 ab
2211 3335 2547 3400 Adalberone,

512 3435 828 3508 designatum
858 3437 1018 3493 fuisse
1037 3437 1126 3509 qui
1155 3437 1207 3492 in
1237 3437 1408 3492 sedem
1439 3435 1763 3503 succederet,
1799 3435 1975 3490 scribit
1994 3434 2267 3490 Gerbertus
2296 3456 2307 3488 ε
2342 3433 2549 3488 «Taceo

508 3531 569 3586 de
596 3548 705 3599 me,
748 3531 831 3587 cui
872 3532 1010 3587 mille
1051 3536 1241 3587 mortes
1277 3529 1697 3596 intendebantur;
1744 3535 1795 3584 et
1829 3529 1960 3601 quod
2000 3535 2141 3601 pater
2182 3528 2429 3584 Adalbero
2466 3543 2548 3582 me

509 3643 854 3682 successorem
885 3626 981 3681 sibi
1012 3625 1394 3697 designaverat,
1429 3641 1544 3680 cum
1574 3623 1731 3679 totius
1763 3623 1884 3680 cleri
1926 3629 1976 3678 et
2013 3623 2239 3678 omnium
2279 3622 2543 3695 episcopo-

513 3738 624 3776 rum
647 3765 659 3788 ,
707 3737 766 3776 ac
812 3722 1141 3793 quorumdam
1188 3721 1407 3776 militum
1454 3720 1651 3786 favore;
1690 3725 1741 3774 et
1782 3719 1913 3791 quod
1956 3718 2183 3774 omnium
2220 3733 2391 3774 rerum
2433 3732 2547 3790 quae

513 3817 861 3890 displicerent,
889 3836 970 3875 me
996 3826 1252 3876 auctorem
1280 3818 1439 3874 fuisse
1466 3819 1847 3874 contenderent.
1888 3838 1985 3872 r...
2019 3815 2154 3872 Ibid.

579 3911 648 3985 (3)
666 3912 1280 3970 SedemRemensemesse
1293 3913 1501 3970 maximi
1514 3912 1757 3970 momenti
1770 3912 2175 3968 auctorescooevi
2190 3917 2458 3967 testantur.
2476 3911 2549 3966 Ad
