3100 4792
1437 514 1512 584 51

468 699 498 738 ι
514 674 680 744 Satis
694 696 884 764 super
893 677 1264 746 venerabilis
1281 679 1330 743 Α
1344 727 1358 744 .
1377 677 1689 767 legatione
1708 680 1967 749 miratus
1983 702 2150 751 sum.
2166 683 2500 754 Referebat

457 791 690 880 quippe
732 813 748 860 ε
792 794 927 862 haec
964 804 1173 862 autem
1214 793 1422 862 omnia
1457 815 1589 862 non
1629 796 1910 868 dolores,
1957 798 2069 866 sed
2108 798 2279 866 initia
2315 801 2501 869 dolo-

457 929 600 976 rum
647 920 818 977 sunt.
873 910 1075 994 Maius
1120 921 1219 979 est
1266 910 1436 997 quod
1483 911 1783 999 quaeritur
1826 924 1889 980 et
1932 913 2102 1001 quod
2147 913 2493 1000 appetitur,

457 1047 646 1114 quam
681 1046 802 1115 ego
834 1028 1090 1096 humilis
1123 1039 1186 1096 et
1219 1048 1484 1116 parvus3
1527 1050 1875 1119 verumque
1910 1031 2307 1119 proverbium
2340 1043 2439 1099 est
2474 1053 2490 1098 ε

459 1147 571 1207 tua
618 1162 720 1208 res
770 1142 980 1230 θρίων
1022 1143 1240 1230 paries
1290 1163 1439 1210 cum
1482 1145 1825 1231 promimus
1871 1147 2051 1214 ardet
2064 1169 2089 1226 ,·
2134 1157 2197 1214 et
2248 1146 2496 1215 divinus

457 1272 668 1321 sermo
704 1273 722 1320 ε
766 1275 808 1320 a
842 1255 1210 1321 sanctuario
1249 1277 1387 1322 meo
1423 1256 1720 1343 incipite,
1760 1257 1822 1324 id
1855 1269 1953 1326 est
1984 1280 2019 1326 a
2050 1261 2229 1348 regni
2266 1261 2497 1328 funda-

455 1378 670 1436 mento
703 1378 766 1436 et
795 1387 961 1436 aree.
1006 1367 1144 1436 Hoc
1179 1367 1411 1435 factum
1436 1369 1542 1456 qui
1580 1370 1705 1438 doli
1729 1371 2131 1455 comitentur,
2172 1375 2238 1441 in
2279 1385 2495 1462 aperto

455 1491 576 1549 est.
634 1482 774 1549 Hoc
835 1481 1002 1549 enim
1060 1501 1408 1565 concesso,
1465 1482 1739 1571 dignitas
1793 1486 1891 1554 vel
1952 1488 2162 1575 potius
2222 1490 2497 1577 gravitas

457 1595 862 1664 confunditur
897 1595 1334 1676 sacerdotalis,
1389 1605 1591 1664 status
1636 1599 1815 1686 regni
1863 1600 2253 1687 periclitatur
2296 1604 2412 1691 (1).
2460 1629 2491 1667 x·

456 1713 656 1794 Quam
698 1714 1026 1801 epistolam
1059 1714 1348 1801 explanat
1386 1714 1636 1784 Richeri
1671 1719 1967 1786 narratio.
2022 1744 2051 1782 α
2088 1721 2339 1808 Legatis
2376 1722 2497 1789 ita-

459 1849 584 1916 que
623 1828 947 1912 abductis,
991 1849 1100 1916 per
1138 1830 1447 1916 quosdam
1487 1832 1743 1920 regibus
1788 1834 2129 1903 indicatum
2169 1848 2268 1904 est
2305 1836 2499 1903 Adal-

456 1943 784 2025 beronem,
833 1944 1309 2020 Laudunensem
1345 1946 1738 2033 episcopum,
1781 1948 1916 2034 haee
1947 1948 2093 2016 dolo
2131 1948 2492 2029 ordinasse3

455 2059 716 2126 omnino
762 2059 949 2127 etiam
999 2058 1165 2146 apud
1215 2058 1505 2127 Odonem
1557 2061 1706 2128 illud
1756 2061 1997 2149 pridem
2042 2071 2493 2149 pertractasse3

455 2192 678 2241 eorum
730 2183 1068 2260 utrumque
1118 2173 1180 2240 in
1234 2183 1382 2241 voto
1427 2174 1765 2258 habuisse,
1806 2186 1879 2243 ut
1926 2174 2241 2242 Othonem
2278 2194 2494 2261 regem

456 2289 670 2358 Galliis
700 2289 1092 2372 inducerent,
1132 2300 1194 2359 et
1225 2311 1409 2379 reges
1431 2289 1688 2378 ingenio
1710 2302 1775 2359 et
1801 2291 2041 2372 viribus
2065 2292 2233 2359 foras
2255 2311 2497 2378 expun-

455 2417 711 2493 gerent;
767 2407 1098 2493 episcopos
1149 2425 1401 2493 quoque
1448 2405 1799 2473 Germaniae
1836 2405 1979 2474 ideo
2016 2405 2386 2486 convenire,
2429 2415 2498 2470 ut

455 2519 669 2587 dolum
708 2520 1038 2607 quaesitum
1077 2520 1390 2607 expleant.
1435 2519 1645 2606 Reges
1683 2519 1895 2607 itaque
1927 2519 2143 2587 fraude
2174 2531 2491 2606 percepta,

456 2634 772 2722 episcopis
817 2633 947 2722 jam
998 2634 1075 2700 ad
1121 2635 1330 2702 locum
1370 2633 1768 2720 designatum
1825 2633 2344 2701 convenientibus
2389 2653 2499 2721 per

454 2749 697 2838 legatos
727 2751 1082 2818 indicavere
1122 2769 1264 2818 sese
1296 2749 1443 2818 illuc
1473 2770 1602 2817 non
1637 2749 1872 2831 ituros,
1914 2769 1992 2817 eo
2030 2747 2197 2836 quod
2238 2768 2499 2815 suorum

455 2867 804 2954 praecipuos
841 2885 1037 2955 penes
1085 2885 1154 2933 se
1200 2886 1328 2933 non
1367 2866 1709 2948 haberent,
1753 2865 1892 2933 sine
1928 2884 2197 2952 quorum
2235 2863 2497 2932 consilio

453 2981 607 3047 nihil
632 2980 944 3068 agendum
972 2981 1070 3048 vel
1101 2980 1518 3048 omittendum
1550 2978 1915 3060 videbatur,
1950 2977 2276 3065 indignum
2308 2976 2498 3044 etiam

455 3096 571 3164 sibi
624 3096 853 3169 videri.
913 3095 963 3162 si
1021 3093 1395 3163 correctioni
1444 3093 1889 3180 episcoporum
1943 3091 2293 3160 Germaniae
2344 3110 2496 3158 suos

456 3212 714 3294 subdat,
755 3231 899 3278 cum
947 3210 1050 3277 isti
1096 3230 1225 3277 non
1278 3208 1490 3275 minus
1529 3207 1808 3282 nobiles,
1854 3227 1982 3274 non
2020 3208 2232 3274 minus
2268 3217 2495 3294 poten-

455 3336 583 3399 tes,
627 3344 804 3412 aeque
842 3323 1027 3392 etiam
1068 3332 1175 3389 aut
1213 3321 1481 3409 amplius
1519 3320 1837 3408 sapientes
1875 3319 2024 3387 sint.
2070 3319 2196 3406 ipsi
2243 3339 2396 3407 ergo
2444 3318 2498 3385 si

455 3438 772 3527 indigent,
836 3439 898 3505 in
958 3436 1188 3504 Gallias
1245 3446 1615 3523 properent,
1680 3434 1849 3502 unde
1904 3435 2160 3515 volunt,
2222 3433 2493 3502 edicant.

455 3552 781 3640 Alioquin,
824 3551 1123 3633 redeant,
1166 3560 1229 3618 et
1266 3570 1380 3617 sua
1417 3559 1488 3617 ut
1522 3549 1674 3616 libet
1711 3559 1934 3616 curent
1968 3546 2079 3637 (⁴2).
2120 3573 2151 3611 ι

525 3749 602 3823 (1)
631 3752 752 3807 Rer.
784 3749 961 3805 Gallie.
996 3749 1150 3820 scrip.
1173 3793 1185 3816 ,
1216 3755 1255 3805 t.
1290 3763 1360 3816 x,
1394 3766 1444 3822 p.
1479 3748 1604 3806 419.
2247 3817 2252 3822 ι

527 3845 598 3918 (2)
626 3846 905 3908 Richerus,
947 3845 1037 3901 lib.
1084 3859 1173 3912 1v,
1226 3862 1335 3917 cap.
1381 3845 1470 3900 96.
1521 3843 1635 3901 Vid.
1688 3859 1907 3916 sequens
1947 3848 2137 3915 caput:
2191 3863 2213 3893 α
2247 3841 2493 3900 Adalbero

453 3940 610 3996 totius
638 3941 828 3997 fraudis
859 3957 1010 3997 causa
1032 3941 1434 4013 reprehenditur.
1471 3961 1492 3992 »
