3100 4792
1571 470 1655 538 22

597 640 766 707 Duce
796 639 1087 721 concilio,
1130 639 1186 708 ei
1219 639 1446 707 abinde
1492 649 1620 707 tota
1659 649 1872 707 mente
1912 640 2200 709 addictus
2251 643 2400 709 favit
2433 645 2549 730 (l).
2596 669 2629 705 »

682 756 838 822 Tam
891 755 1082 823 breve
1138 765 1348 822 autem
1403 753 1645 822 effluxit
1705 753 2001 822 Ludovici
2058 777 2325 843 regnum
2386 769 2456 825 ut
2506 759 2635 826 sere

591 868 760 936 nulla
818 870 897 937 ab
941 889 1018 938 eo
1070 879 1249 957 gesta
1309 867 1457 936 sint.
1501 867 1711 948 Quum
1750 887 1901 936 vero
1956 868 2419 939 Adalberonem
2465 873 2635 959 jam-

591 981 831 1050 dudum
881 983 1028 1051 odio
1092 992 1604 1070 prosequeretur,
1664 981 1756 1048 ira
1807 981 1915 1049 diu
1975 1003 2337 1070 compressa
2399 987 2629 1072 erupit.

601 1122 631 1160 ι
686 1098 998 1166 Adalbero
1044 1097 1390 1165 Remorum
1440 1096 1961 1184 metropolitanus
2012 1097 2381 1186 episcopuS,
2440 1101 2631 1168 homo

591 1213 874 1281 omnium
915 1233 1076 1301 quos
1128 1223 1291 1280 terra
1339 1211 1610 1280 sustinet
1660 1211 2217 1295 sceleratissimus,
2267 1227 2631 1304 contempto

587 1327 783 1414 patris
822 1327 946 1395 mei
984 1325 1283 1414 imperio,
1325 1324 1560 1392 Othoni
1598 1324 1986 1392 Francorum
2027 1326 2193 1393 hosti
2232 1326 2295 1392 in
2335 1330 2631 1399 omnibus

589 1441 822 1509 savit...
863 1441 986 1523 Qui
1026 1451 1093 1508 ut
1123 1459 1342 1529 poenas
1379 1459 1495 1527 pro
1525 1450 1701 1507 tanto
1738 1440 2082 1508 commisso
2116 1442 2342 1525 solvat,
2378 1463 2631 1530 aequum

589 1568 653 1624 et
707 1557 858 1624 utile
910 1557 1157 1624 videtur
1209 1555 1511 1647 quatinus
1568 1555 1897 1642 pestilente
1958 1575 2360 1643 compresso,
2424 1570 2633 1626 metus

587 1669 910 1738 adoriendi
948 1670 1124 1752 talia,
1167 1670 1520 1756 quibusque
1561 1668 1768 1757 pravis
1804 1669 2106 1736 inferatur
2151 1671 2266 1760 (ἓ).
2308 1697 2343 1733 »
2389 1670 2633 1753 Quibus

587 1785 850 1868 auditis,
892 1785 1204 1852 Adalbero
1245 1784 1679 1873 perpaululum
1726 1784 1950 1850 anxius
1989 1795 2124 1866 est,
2175 1805 2442 1873 nempe,
2484 1808 2629 1856 cum

585 1904 703 1990 ipsi
741 1904 928 1991 Hugo
958 1903 1181 1985 faveat,
1210 1902 1360 1990 quid
1383 1902 1642 1989 periculi
1676 1901 2061 1969 timendum?
2083 1903 2246 1984 Quin
2270 1905 2399 1972 imo
2420 1905 2544 1971 vim
2571 1907 2630 1989 vj

585 2019 885 2107 repellere
933 2029 1131 2106 parat.
1174 2018 1530 2087 Conscribit
1574 2018 1803 2086 milites
1840 2019 2182 2088 Gerbertus
2235 2045 2268 2083 «
2312 2041 2431 2088 nec
2476 2022 2629 2090 satis

584 2134 779 2202 sciam
815 2146 1024 2201 utrum
1063 2134 1405 2201 exercitum
1444 2145 1589 2201 ante
1627 2145 2003 2202 autumnum
2049 2136 2112 2203 in
2158 2137 2393 2204 ltaliam
2426 2137 2629 2204 dedu-

587 2271 761 2334 cam,
800 2272 878 2318 an
915 2251 978 2317 in
1021 2251 1350 2320 Germania
1399 2251 1827 2333 demoremur,
1870 2262 1941 2318 ut
1984 2254 2477 2340 quamplurimas
2516 2274 2629 2322 co-

587 2365 724 2454 pias
756 2378 974 2433 contra
1001 2365 1406 2446 Ludoxicum,
1443 2385 1660 2452 regem
1686 2364 2099 2449 Francorum,
2136 2366 2257 2435 nisi
2291 2368 2622 2456 quieverit,

581 2501 1055 2570 comparemus,
1099 2481 1207 2569 qui
1250 2480 1470 2549 amicis
1502 2480 2040 2568 inquietissimus,
2086 2483 2630 2570 pernitiosissimis

582 2595 870 2664 hostibus
905 2615 1035 2662 non
1073 2595 1340 2662 multum
1379 2595 1731 2682 inquietuS,
1777 2595 1921 2683 quis
1959 2595 2072 2678 sit,
2117 2596 2395 2684 quidque
2431 2596 2511 2664 de
2548 2617 2627 2664 eo

579 2710 840 2798 intelligi
877 2720 1185 2797 oporteat,
1228 2710 1410 2776 velox
1446 2709 1653 2776 exitus
1691 2711 2125 2798 comprobabit
2160 2712 2277 2798 (5).
2316 2735 2345 2775 ι

672 2827 966 2891 Attamen
999 2848 1032 2887 «
1059 2844 1170 2891 rex
1199 2833 1374 2890 tanto
1399 2823 1613 2890 animo
1638 2843 1916 2911 praeceps
1946 2824 2012 2892 in
2044 2825 2622 2913 metropolitanum,

583 2951 910 3026 assumpto
960 2939 1161 3019 Duce,
1203 2959 1349 3005 cum
1397 2938 1677 3006 exercitu
1728 2939 1949 3006 fertur.
1987 2941 2193 3028 lpsam
2238 2941 2461 3008 urbem
2512 2961 2629 3028 ap·-

585 3052 770 3141 petit‚
820 3062 1008 3138 atque
1056 3051 1405 3139 irrumpere
1452 3050 1775 3119 contendit
1810 3049 1920 3140 (4).
1964 3076 1997 3115 »
2045 3055 2126 3119 At
2171 3053 2382 3136 brevi,
2424 3055 2627 3141 primo

583 3168 818 3256 impetu
859 3166 1207 3247 residente,
1251 3186 1288 3233 a
1328 3165 1652 3253 proposito
1690 3185 1904 3253 regem
1950 3166 2139 3254 Hugo
2178 3166 2627 3236 dimovendum

583 3291 783 3352 curat.
823 3307 858 3346 «
903 3281 1242 3349 Primatum
1280 3293 1487 3349 tamen
1534 3280 1800 3349 consilio
1846 3302 2037 3364 usuS,
2080 3283 2323 3371 legatos
2370 3283 2627 3371 praemi-

656 3497 727 3570 (1)
757 3496 1028 3552 Richerius
1050 3540 1062 3561 ,
1091 3495 1180 3551 lib.
1214 3509 1269 3552 lv
1291 3539 1304 3563 ,
1336 3511 1446 3568 cap„
1479 3497 1530 3550 1.

655 3593 726 3666 (2)
757 3592 845 3655 Id,
879 3591 1043 3654 ibid..
1076 3607 1185 3662 cap.
1219 3590 1273 3645 2.
1539 3589 1546 3594 ’

654 3690 730 3761 (3)
760 3689 823 3744 D.
874 3689 1105 3760 Bouquet
1133 3732 1145 3754 ,
1195 3691 1234 3742 t..
1285 3701 1342 3742 lx
1371 3730 1384 3754 ,
1434 3704 1484 3758 p.
1545 3687 1670 3744 291.
1736 3687 2021 3743 Raimundo
2074 3687 2408 3746 Auriliacensi
2456 3687 2621 3745 abbati

581 3784 856 3841 Gerbertus
876 3827 888 3851 ,
921 3799 1054 3838 anno
1081 3782 1206 3839 987.

656 3879 727 3953 (t)
757 3879 1026 3936 Richerius
1048 3922 1060 3946 ,
1093 3878 1180 3935 lib.
1217 3893 1292 3945 tv,
1321 3895 1429 3949 cap.
1465 3878 1515 3934 3.
