3100 4792
1464 459 1540 527 31

487 627 636 713 quid
672 625 736 693 id
783 625 974 707 soret,
1017 624 1167 692 utile
1204 622 1354 691 duxi
1407 623 1483 690 ad
1523 633 1797 690 vestram
1839 621 2063 690 deferri
2103 622 2331 690 debere
2369 643 2522 691 cen-

487 762 735 822 suram,
794 752 865 808 ut
915 741 968 808 si
1026 741 1363 808 honestum
1425 740 1565 820 fiat,
1629 737 1809 806 vobis
1866 737 2193 806 utilitatem
2251 748 2314 807 et
2370 739 2523 805 mihi

487 855 750 944 gloriam
796 866 1138 942 comparet.
1201 853 1265 921 Si
1313 864 1522 920 autem
1581 851 1993 938 pernitiosum
2025 903 2043 933 ,
2097 873 2218 940 ego
2270 853 2524 939 quidem

484 971 719 1039 nullius
753 971 1051 1059 perfidiae,
1093 971 1326 1037 nullius
1370 969 1523 1050 doli,
1568 969 1802 1036 nullius
1842 970 2085 1038 fallatiae
2131 970 2382 1058 penitus
2418 991 2523 1038 ar-

488 1107 668 1173 guar.
709 1087 840 1154 Vos
884 1107 1034 1155 vero
1082 1096 1190 1154 aut
1239 1085 1483 1154 suffecti
1530 1084 1658 1152 doli
1702 1084 1921 1152 salsam
1971 1085 2331 1173 opinionem
2377 1107 2523 1155 cum

488 1200 710 1269 doloso
743 1199 1065 1282 subibitis,
1113 1214 1220 1267 aut
1257 1199 1309 1266 si
1356 1217 1521 1280 non,
1563 1197 1627 1264 in
1664 1197 2052 1266 desertorem
2101 1219 2327 1266 manus
2360 1199 2522 1266 assi-

485 1318 610 1387 due
655 1317 956 1388 exseretis
1005 1315 1116 1408 (l).
1172 1343 1203 1382 1·
1259 1316 1671 1405 Respondent
1721 1315 1944 1383 cives:
1996 1338 2115 1382 α...
2173 1315 2328 1398 Quia
2385 1316 2522 1404 ejus

485 1442 700 1521 utpote
733 1432 1148 1502 adolescentis
1179 1451 1391 1500 mores
1433 1430 1821 1516 affectusque
1858 1429 2133 1498 incertos
2169 1431 2477 1499 habemus
2498 1483 2517 1514 ,

484 1559 736 1616 nostras
781 1548 1182 1617 solummodo
1219 1546 1495 1614 rationes
1543 1566 1672 1613 non
1724 1545 2012 1614 sufficere
2058 1546 2136 1613 ad
2176 1547 2312 1614 haec
2352 1548 2521 1615 arbi-

484 1672 748 1729 tramur.
801 1661 1030 1730 Adsint
1081 1681 1234 1748 ergo
1272 1659 1379 1747 qui
1425 1659 1607 1726 vobis
1658 1658 1723 1725 id
1769 1657 2058 1726 suadent.
2110 1659 2521 1728 Conferamus

485 1778 802 1865 utrimque
839 1778 1114 1846 rationes
1155 1778 1264 1864 (2).
1314 1802 1344 1841 ν
1392 1775 1635 1856 Quibus
1683 1775 1986 1863 peractis,
2032 1775 2333 1843 Arnulfus
2380 1787 2522 1845 tan-

485 1891 630 1959 dem
667 1892 983 1980 suffragiis
1028 1892 1106 1959 ad
1151 1891 1600 1980 Episcopatum
1645 1900 1978 1978 provectus
2016 1901 2142 1966 est,
2187 1900 2522 1978 postquam

485 2006 893 2074 nihilominus
943 2007 1127 2074 tidem
1183 2026 1360 2074 suam
1409 2005 1544 2092 regi
1596 2015 1990 2072 sacramento
2034 2003 2400 2086 obstrinxit,
2459 2013 2523 2072 et

491 2145 525 2182 «
599 2120 1042 2209 cirographum
1098 2119 1460 2207 bipertitum
1514 2119 1735 2206 jussus
1799 2117 2060 2185 notavit.
2142 2143 2173 2182 ι
2260 2117 2523 2205 Subjicit

486 2233 818 2304 Richerius
870 2257 904 2298 (ι
947 2235 1116 2322 quod
1155 2255 1301 2303 cum
1345 2233 1480 2322 regi
1524 2233 1776 2322 penitus
1814 2234 2164 2315 sufficeret,
2208 2233 2520 2321 episcopis

484 2359 721 2432 tamen,
759 2361 829 2416 ut
858 2351 1078 2431 fertur,
1115 2370 1244 2417 non
1283 2348 1435 2416 satis
1466 2349 1530 2416 id
1566 2349 1773 2415 visum
1810 2358 1943 2424 est,
1987 2347 2108 2415 nisi
2146 2347 2296 2414 illud
2334 2347 2521 2416 etiam

483 2464 860 2546 adderetur,
911 2475 982 2532 ut
1035 2465 1098 2531 in
1157 2464 1494 2532 missarum
1554 2463 1972 2532 celebratione
2024 2463 2427 2530 eukaristiam
2485 2484 2522 2531 a

483 2578 809 2648 sacerdote
867 2588 1183 2659 sumeret,
1234 2598 1502 2665 eamque
1550 2576 1922 2664 perditionis
1961 2596 2216 2644 causam
2249 2577 2368 2644 sibi
2402 2577 2522 2643 im-

486 2699 798 2786 precando
843 2718 1056 2766 coram
1099 2707 1378 2786 optaret,
1417 2697 1469 2764 si
1507 2696 1697 2763 fidem
1739 2696 2029 2764 violando
2066 2716 2365 2784 umquam
2406 2696 2522 2765 de-

489 2823 688 2882 sertor
724 2813 922 2882 fieret.
967 2812 1148 2894 Quod
1187 2822 1252 2881 et
1284 2813 1520 2881 factum
1560 2810 1675 2878 suit
1710 2810 1826 2901 (ὅ).
1874 2835 1908 2874 »

559 3012 637 3086 (1)
665 3011 937 3069 Ricberius
959 3056 972 3079 ,
1003 3012 1092 3067 lib.
1124 3027 1200 3079 lv,
1228 3030 1278 3085 p.
1310 3011 1398 3067 26.

559 3109 630 3182 (ἓ)
658 3109 928 3165 Richerius
949 3151 966 3176 ,
993 3108 1082 3163 lib.
1118 3123 1193 3175 lv,
1227 3125 1339 3180 cap.
1369 3109 1459 3165 27.
1499 3140 1573 3149 —
1598 3105 1890 3175 Gerbertus,
1931 3108 2075 3180 quasi
2113 3108 2194 3164 sui
2226 3108 2520 3177 immemor,

486 3204 689 3260 Arnulfi
714 3204 954 3259 virtutem
985 3203 1199 3258 summis
1225 3202 1462 3258 laudibus
1491 3209 1721 3258 exornat.
1755 3202 1817 3258 D.
1850 3202 2110 3275 Bouquet.
2142 3209 2165 3258 t
2213 3218 2281 3270 x,
2311 3221 2363 3276 p.
2395 3205 2523 3272 401,

483 3317 550 3355 ex
595 3316 808 3371 persona
851 3297 1120 3355 Remensis
1165 3298 1435 3354 ecclesiae:
1495 3319 1516 3348 α
1706 3298 1942 3370 eligimus
1984 3298 2129 3354 nobis
2164 3299 2217 3354 in
2255 3301 2523 3371 praesulem

481 3396 650 3452 virum
692 3395 876 3468 pietate
925 3399 1277 3465 praestantem,
1317 3393 1417 3449 fide
1456 3393 1740 3464 insignem,
1791 3394 2075 3450 constantia
2115 3393 2429 3462 mirabilem,
2469 3397 2525 3450 in

485 3493 715 3549 consiliis
754 3492 1040 3564 providum,
1072 3492 1222 3547 rebus
1245 3491 1480 3563 gerendis
1509 3497 1702 3564 aptum.
1726 3493 1783 3546 In
1810 3509 1907 3564 quo
1938 3493 2016 3547 hae
2045 3492 2284 3560 virtuteS,
2310 3509 2421 3564 quae
2452 3493 2527 3548 sic

412 3595 416 3600 “
485 3590 620 3646 clare
649 3590 878 3645 relucent
906 3588 1093 3644 indicio
1131 3593 1252 3645 sunt
1278 3594 1472 3644 ceteras
1504 3588 1682 3644 abesse
1714 3605 1814 3644 non
1852 3605 2089 3661 posse....
2124 3588 2374 3659 Eligimus
2407 3585 2525 3660 ergo

487 3676 623 3739 hunc
651 3683 920 3739 Arnulsum
945 3683 1066 3738 hinc
1105 3689 1300 3749 ortum,
1330 3682 1414 3738 hic
1445 3682 1713 3739 educatum
1731 3727 1745 3749 ,
1785 3683 2073 3740 simoniacae
2102 3683 2313 3738 haeresis
2342 3700 2528 3754 exper-

485 3789 610 3850 tem,
641 3800 669 3838 a
699 3783 917 3839 factione
949 3783 1207 3854 tyrannica
1238 3789 1516 3850 remotum,
1549 3800 1640 3839 sua
1670 3783 1851 3854 cuique
1879 3781 2045 3838 debita
2067 3783 2182 3856 jura
2212 3783 2523 3849 reddentem,

490 3877 838 3934 sanctuarium
871 3878 961 3932 Dei
992 3894 1090 3932 non
1121 3877 1467 3950 dissipantem.
1504 3899 1524 3929 »

565 3975 642 4045 (3)
673 3973 752 4030 Id.
774 4018 786 4037 ,
822 3974 982 4037 ibid„
1019 3991 1128 4046 cap.
1162 3973 1249 4030 30.
