3100 4792
1477 481 1567 550 43

499 647 727 736 quibus
777 646 1122 736 patrocinio
1169 655 1356 713 tantae
1407 645 1784 712 frustrantur
1834 643 2137 711 ecclesiae.
2196 643 2295 712 Ad
2344 665 2534 732 quam

499 763 797 849 deinceps
827 761 1079 828 urbium
1109 749 1573 847 confugiemuS,
1601 778 1749 825 cum
1779 757 2061 826 omnium
2095 758 2380 845 gentium
2412 759 2533 826 do·-

495 877 734 944 minam
765 876 1058 944 humanis
1089 895 1163 943 ac
1193 873 1420 941 divinis
1451 872 1814 940 destitutam
1846 871 2143 939 subsidiis
2167 872 2534 941 videamus?

499 991 581 1058 Ut
615 991 784 1059 enim
817 990 1064 1078 planius
1102 989 1389 1057 dicamus
1420 987 1750 1074 palamque
1781 986 2119 1066 fateamur,
2155 994 2301 1072 post
2331 985 2536 1074 impe-

498 1105 572 1170 rii
611 1121 918 1172 'occasum
958 1106 1094 1172 haec
1138 1105 1290 1171 urbs
1335 1091 1822 1170 Alexandrinam
1865 1100 2194 1168 ecclesiam
2231 1101 2530 1188 perdidit,

497 1219 954 1287 Antiochenam
988 1218 1231 1299 amisit3
1260 1230 1324 1286 et
1345 1228 1416 1285 ut
1450 1217 1529 1285 de
1553 1215 1759 1283 Africa
1785 1226 2103 1283 taceamus
2135 1226 2323 1302 atque
2355 1218 2531 1301 Asia,

498 1330 635 1417 ipsa
658 1330 786 1418 jam
822 1331 1070 1417 Europa
1108 1329 1394 1398 discedit.
1430 1331 1593 1398 Nam
1624 1329 2311 1417 constantinopolitana·
2341 1332 2535 1400 eccle·

499 1442 592 1510 sia
624 1463 695 1510 se
720 1443 1017 1511 subduxit
1046 1464 1062 1511 t
1096 1443 1415 1512 interioria
1451 1444 1768 1532 Hispaniae
1793 1444 1927 1531 ejus
1950 1443 2184 1532 judicia
2212 1444 2529 1514 nesciunt.

497 1557 600 1625 Fit
628 1579 782 1646 ergo
810 1558 1141 1642 discessio,
1169 1559 1518 1627 secundum
1551 1559 1933 1647 apostolum,
1968 1579 2098 1626 non
2136 1559 2536 1627 solummodo

496 1675 812 1762 gentium,
855 1675 968 1742 sed
998 1675 1187 1743 etiam
1219 1675 1625 1743 ecclesiarum
1655 1694 1672 1742 ε
1711 1674 2007 1761 quoniam
2048 1673 2227 1762 cujus
2262 1675 2535 1742 ministri

497 1789 726 1857 Gallias
758 1803 1258 1878 occupaverunt,
1297 1810 1540 1877 nosque
1578 1789 1725 1857 totis
1756 1791 1994 1858 viribus
2026 1802 2357 1878 premunt,
2402 1792 2538 1857 An-

467 1903 819 1971 'ticbristus
848 1905 1085 1973 instare
1116 1904 1476 1972 videtur....
1517 1905 1653 1992 ipsa
1675 1904 1935 1992 insuper
1958 1905 2187 1988 Roma,
2209 1904 2339 1992 Jam
2376 1925 2539 1992 pene

498 2015 665 2098 sola,
722 2037 758 2084 a
811 2038 882 2086 se
931 2018 1066 2106 ipsa
1120 2017 1421 2101 discedit,
1477 2016 1631 2085 dum
1681 2037 1889 2104 neque
1935 2017 2089 2101 sibi,
2146 2039 2353 2105 neque
2402 2019 2539 2087 aliis

497 2131 773 2198 consulit
805 2141 930 2199 etc.
976 2131 1096 2218 (1).
1141 2155 1176 2198 ιι

588 2243 990 2324 Orationibus
1029 2245 1268 2312 Arnulfi
1302 2256 1365 2314 et
1399 2247 1839 2334 episcoporum
1872 2247 2200 2315 sententiis
2232 2247 2290 2315 ei
2317 2248 2537 2316 ‘faven-

495 2359 653 2426 tium
687 2359 832 2427 victi
865 2360 1096 2438 cedunt
1127 2359 1516 2429 defensores.
1554 2361 1732 2428 Tunc
1764 2362 1844 2428 ab
1877 2361 2170 2429 omnibus
2202 2361 2536 2430 derelictus

499 2478 772 2546 Lotharii
809 2480 1026 2548 infelix
1062 2481 1225 2548 filius
1262 2500 1407 2547 cum
1441 2480 1720 2568 seipsum
1759 2501 2030 2568 purgare
2068 2457 2297 2548 frustra
2326 2492 2535 2549 tenta-

496 2591 736 2674 visset,
805 2618 840 2655 «
884 2604 1400 2680 argumentorum
1452 2591 1799 2659 rationibus
1850 2591 2205 2674 succubuit,
2269 2602 2332 2659 et
2394 2613 2537 2661 sese

497 2726 676 2773 reum
715 2727 788 2774 ac
825 2707 1176 2786 sacerdotio
1224 2706 1555 2794 indignum
1594 2726 1808 2773 coram
1846 2706 2177 2774 confessus
2215 2716 2315 2774 est
2352 2707 2463 2793 (Ξ).
2496 2732 2531 2770 »

498 2820 662 2902 Quin
694 2821 857 2903 im0,
893 2821 1206 2909 episeopis
1238 2820 1649 2889 suadentibus
1707 2845 1741 2884 «
1785 2841 2005 2908 regum
2043 2822 2311 2909 pedibus
2349 2841 2539 2909 pros-

497 2947 722 3020 tratuS,
765 2938 1003 3005 crimen
1043 2936 1373 3005 confessus
1420 2947 1548 3018 est;
1591 2946 1655 3004 et
1694 2937 2045 3004 sacerdotio
2090 2957 2161 3005 se
2203 2937 2536 3022 indignum

498 3073 814 3137 asserenS,
861 3076 975 3142 pro
1015 3056 1140 3123 vita
1171 3065 1234 3123 et
1264 3055 1565 3123 membris
1606 3054 1887 3122 suffusus
1924 3055 2197 3123 lacrimis
2251 3055 2534 3143 postula·
2598 3059 2601 3064 ’

496 3168 624 3234 bat.
704 3171 886 3239 Unde
937 3180 1001 3240 et
1051 3171 1406 3238 universam
1462 3170 1773 3258 synodum
1826 3170 1888 3236 in
1952 3169 2241 3237 lacrimas
2297 3170 2529 3257 coegit.

495 3280 704 3369 Reges
745 3285 937 3350 multa
974 3283 1200 3370 pietate
1241 3282 1416 3364 flexi,
1458 3282 1649 3350 vitam
1688 3290 1751 3349 et
1790 3283 2215 3350 membrorum
2266 3281 2531 3369 integri-

496 3404 686 3462 tatem
723 3395 1073 3484 indulgent.
1109 3421 1138 3458 »
1188 3395 1342 3462 Dein
1364 3395 1634 3482 insignia
1658 3395 1853 3478 exuit,
1881 3404 1943 3463 et
1962 3395 2241 3462 libellum
2274 3394 2531 3462 abdica·-
2570 3397 2575 3402 ’

494 3509 683 3578 tionis
715 3531 926 3579 coram
961 3509 1216 3598 regibus
1238 3509 1302 3576 in
1325 3511 1591 3578 concilio
1621 3510 1773 3597 legit
1803 3521 1990 3599 atque
2015 3508 2389 3597 subscripsit
2410 3508 2529 3600 (5).

567 3712 637 3786 (1)
667 3714 788 3769 Rer.
820 3713 996 3769 Gallic.
1032 3712 1184 3784 scrip.
1205 3756 1218 3779 ,
1249 3719 1288 3768 t.
1318 3727 1388 3778 x,
1421 3729 1470 3783 p.
1504 3713 1629 3768 526.

569 3805 640 3879 (3)
668 3807 940 3874 RicheruS‚
969 3806 1058 3862 lib.
1091 3820 1167 3873 lv,
1199 3823 1308 3877 cap.
1347 3805 1434 3861 69.

569 3903 640 3976 (3)
671 3903 783 3972 Id„
815 3904 974 3967 ibid„
1007 3921 1118 3976 cap.
1152 3904 1246 3970 70,
1280 3903 1339 3958 71
1373 3908 1424 3958 et
1454 3902 1540 3960 72.
