3100 4792
1523 444 1611 510 44

639 610 745 678 Sic
793 629 944 676 vero
994 609 1231 676 corruit
1267 609 1557 676 ultimum
1583 659 1601 690 ‚
1644 628 1770 694 quo
1808 619 2267 677 sustentaretur
2297 609 2585 678 Carolina

550 727 805 808 domus,
848 726 1306 794 fulcimentum.
1343 725 1527 792 Nunc
1560 736 1900 814 supersunt
1928 745 1967 794 e
2004 726 2177 814 regia
2206 727 2379 813 prole
2411 727 2589 819 prin-

551 863 701 930 ceps
740 843 805 910 in
850 843 1099 911 vincula
1149 847 1470 930 conjectus
1519 853 1585 910 et
1628 844 1962 931 episcopus
2004 864 2194 929 quem
2242 844 2589 931 ignominia

549 956 798 1025 sodales
834 966 1156 1025 notavere.
1201 953 1388 1024 Solus
1432 955 1795 1043 episcopatu
1842 954 2123 1043 abrogati
2159 957 2417 1024 tutelam
2450 977 2587 1025 sus-

550 1074 716 1162 cepit
765 1072 1113 1162 Seguinus;
1156 1099 1191 1138 «
1228 1094 1300 1142 ea
1348 1074 1428 1142 de
1479 1094 1669 1142 causa
1709 1094 1925 1162 regem
1963 1073 2188 1141 acriter
2222 1073 2581 1161 redarguit,

549 1191 717 1259 unde
753 1191 890 1278 ejus
927 1190 1142 1258 odium
1174 1189 1240 1257 in
1279 1209 1350 1258 se
1387 1189 1721 1257 concitavit
1745 1191 1859 1277 (l).
1904 1215 1935 1253 υ

638 1309 903 1378 Arnulfo
955 1319 1166 1378 autem
1213 1309 1494 1397 dejecto,
1545 1330 1735 1396 quem
1790 1309 1855 1376 in
1903 1310 2113 1377 locum
2165 1309 2303 1396 ejus
2347 1309 2587 1376 substi-

546 1438 753 1495 tueret
787 1427 977 1514 elegit
1027 1427 1242 1514 Hugo.
1292 1427 1424 1496 Nec
1466 1426 1767 1515 petitores
1795 1427 2191 1495 deficiebant.
2229 1425 2367 1494 Rex
2406 1447 2581 1501 vero.

547 1541 737 1628 longa
791 1561 1004 1608 rerum
1056 1539 1436 1627 experientia
1481 1540 1733 1624 doctuS‚
1784 1541 1954 1609 viros
1998 1560 2229 1628 genere
2261 1550 2325 1608 et
2361 1539 2587 1628 opibus

547 1653 828 1720 valentes
857 1652 1157 1740 neglexit,
1183 1662 1370 1739 atque
1403 1673 1547 1720 cum
1572 1653 2111 1740 archiepiscopum
2143 1663 2452 1738 quaereret
2481 1652 2588 1738 qui

549 1786 627 1835 eo
660 1765 862 1854 magis
882 1767 1172 1834 devotam
1197 1766 1385 1833 fidem
1409 1777 1687 1834 servaret
1707 1787 1840 1853 quo
1858 1766 2174 1834 humiliori
2208 1765 2347 1834 loco
2378 1766 2590 1834 oriun-

548 1879 668 1946 dus
705 1889 908 1962 esset,
951 1879 1323 1947 Gerbertum
1361 1880 1743 1946 monachum
1787 1879 2063 1966 respexit
2106 1877 2222 1968 (2).
2278 1880 2337 1946 ls
2375 1890 2585 1947 autem

547 1992 944 2060 Adalberone
977 1992 1126 2060 olim
1160 1992 1641 2061 familiarissime
1673 2013 1855 2074 usuS‚
1896 1992 1955 2058 vi
1988 1991 2243 2073 mentiS‚
2287 1991 2581 2074 scientia,

547 2106 795 2174 dicendi
841 2117 1006 2189 arte,
1055 2107 1286 2194 dignus
1331 2119 1465 2174 erat
1508 2107 1613 2193 qui
1660 2106 1929 2194 primam
1980 2105 2317 2173 Galliarum
2363 2105 2579 2174 sedem

547 2231 812 2290 teneret.
867 2221 1175 2288 Praeterea
1228 2221 1294 2287 in
1347 2221 1536 2289 rebus
1590 2221 1855 2308 publicis
1910 2220 2205 2307 gerendis
2253 2220 2579 2308 ingenium

546 2345 836 2417 acutum,
886 2354 1326 2422 summamque
1383 2334 1701 2402 solertiam
1761 2343 2148 2402 exercuerat.
2204 2334 2579 2402 Gerbertum

547 2448 801 2535 quidem
822 2447 1156 2534 aliquando
1187 2447 1521 2516 inhoneste
1558 2467 1628 2515 se
1654 2447 1930 2535 gessisse
1960 2447 2311 2535 perhibent.
2345 2447 2579 2514 Dicitur

545 2571 755 2650 partes
814 2561 966 2628 alias
993 2613 1012 2644 ‚
1074 2571 1260 2648 prout
1310 2542 1643 2630 commoda
1702 2573 2065 2649 poscerent,
2130 2562 2251 2629 alio
2295 2572 2580 2649 tempore

545 2675 897 2762 adjuvisse,
961 2687 1025 2742 et
1073 2675 1261 2743 etiam
1315 2675 1566 2743 duobus
1602 2675 1975 2744 adversariis
2014 2697 2137 2743 una
2174 2676 2571 2754 insenuisse,

544 2790 701 2858 adeo
724 2799 794 2855 ut
815 2789 977 2878 stylo
997 2789 1270 2857 versatili
1305 2789 1717 2857 contumelias
1756 2790 2151 2883 contumeliis
2188 2799 2579 2876 retorqueret

545 2910 625 2977 ab
660 2908 799 2996 ipso
830 2908 1005 2996 prius
1043 2908 1308 2996 scriptas
1344 2907 1454 2998 (ὅ).
1493 2909 1559 2977 Si
1596 2929 1747 2976 vero
1780 2909 1939 2977 forte
1976 2910 2259 2996 requiras
2298 2930 2376 2976 an
2416 2909 2578 2978 Ger·-

541 3026 721 3092 berto
752 3034 1008 3092 auctore
1038 3025 1340 3091 Arnulfus
1369 3045 1404 3091 a
1437 3025 1588 3093 sede
1620 3025 1985 3092 deturbatus
2019 3025 2125 3107 sit,
2162 3026 2284 3092 hoc
2314 3024 2577 3092 crimine

543 3159 685 3207 sese
732 3139 1136 3206 vehementer
1180 3149 1407 3225 purgat
1454 3139 1520 3205 in
1568 3140 1847 3227 epistolis
1905 3149 1969 3209 et
2025 3140 2411 3208 orationibus
2460 3138 2573 3228 (4).

616 3392 686 3466 (1)
717 3391 874 3448 Gallia
904 3390 1189 3448 Christiana
1211 3435 1224 3458 ‚
1255 3396 1294 3446 t.
1327 3405 1411 3458 lx,
1444 3393 1541 3446 col.
1572 3392 1661 3448 60.

613 3486 686 3560 (⁰2)
715 3487 836 3542 Rcr.
860 3486 1038 3542 Gallie.
1069 3485 1268 3556 script„
1289 3491 1324 3540 t.
1347 3500 1404 3552 x,
1433 3502 1483 3557 p.
1503 3487 1626 3542 416.
1650 3487 1874 3558 Epistola
1894 3487 2121 3543 Gerberti
2142 3488 2203 3543 ad
2224 3487 2572 3544 Wilderodum

549 3603 665 3638 «....
694 3581 876 3636 Fateor
897 3595 976 3634 me
1001 3578 1197 3634 nescire
1226 3595 1318 3633 cur
1345 3595 1535 3650 egenus
1558 3588 1608 3635 et
1634 3582 1802 3648 exsul,
1820 3599 1914 3636 nec
1942 3598 2147 3652 genere,
2165 3599 2259 3638 nec
2278 3581 2470 3636 divitiis
2486 3581 2569 3636 ad-

533 3677 698 3748 jutuS,
720 3673 894 3730 multis
907 3673 1240 3744 locupletibus
1260 3680 1310 3728 et
1323 3673 1581 3731 nobilitate
1601 3683 1863 3748 parentum
1880 3676 2169 3748 conspicuis
2188 3677 2426 3748 praelatus
2445 3676 2531 3730 sit.
2545 3697 2565 3726 υ

613 3770 683 3843 (3)
713 3769 845 3824 Ibid.
871 3815 884 3838 ,
908 3775 948 3824 t.
980 3784 1056 3836 lx,
1088 3787 1139 3840 p.
1172 3769 1296 3824 280.

613 3867 683 3938 (4)
712 3865 876 3930 Ιὺὶά.,
909 3874 947 3922 t.
979 3882 1037 3933 x,
1059 3883 1108 3938 p.
1138 3867 1262 3922 414.
1285 3866 1446 3936 Epist.
1471 3867 1698 3926 Gerberti
1724 3870 1785 3925 ad
1809 3869 2175 3924 Wildcrodum.
