3100 4792
1445 446 1527 514 47

467 613 644 696 mus',
685 614 799 685 sed
836 615 1020 683 etiam
1060 615 1239 701 quasi
1287 623 1420 681 toto
1467 613 1620 681 orbe
1658 611 1906 700 fugiens
1954 632 2501 700 prosequamur...

462 733 653 801 Novit
683 732 995 800 Dominus
1034 731 1140 819 qui
1174 740 1323 798 sunt
1353 729 1515 817 ejuS,
1551 729 1727 796 novit
1757 729 1863 817 qui
1896 729 1994 796 sui
2026 741 2508 816 permoveantur

463 847 622 915 zelo.
661 846 786 914 Sed
819 846 874 913 si
916 846 1080 913 Deus
1120 865 1234 932 pro
1273 844 1483 925 nobis,
1519 843 1627 930 qui
1659 854 1880 911 contra
1916 844 2159 912 nos?...
2206 843 2316 932 (ί).
2360 872 2390 910 ν

556 961 904 1029 Universali
938 959 1203 1028 concilio
1239 959 1522 1027 nondum
1548 958 1809 1039 indict0‚
1847 958 2127 1046 synodus
2154 960 2319 1046 apud
2342 961 2506 1029 Che·

463 1075 589 1142 lam
614 1076 902 1156 habetur,
932 1075 1038 1141 ubi
1061 1073 1479 1142 arctissimum
1504 1072 1709 1140 ioedus
1731 1073 1950 1140 ineunt
1980 1072 2281 1160 episcopi.
2317 1098 2351 1136 «
2382 1073 2507 1140 Hu-

455 1187 564 1276 jus
611 1189 912 1276 temporis
950 1188 1210 1264 diebus,
1252 1188 1338 1255 ait
1372 1186 1718 1268 Richerus,
1761 1207 1905 1254 cum
1952 1206 1988 1253 a
2033 1207 2188 1275 papa
2240 1207 2505 1255 romano

463 1305 773 1373 abdicatio
797 1306 1038 1372 Arnulli
1060 1316 1123 1373 et
1145 1305 1456 1392 promotio
1479 1303 1762 1372 Gerberti
1785 1303 2068 1390 plurimis
2099 1303 2503 1392 epistolarum

463 1417 712 1505 scriptis
757 1419 1319 1498 calumniarentur,
1377 1417 1655 1505 episcopi
1710 1437 1961 1503 quoque
2007 1417 2093 1484 rei
2139 1417 2501 1505 hujusmodi

462 1540 776 1611 auctores,
814 1530 1126 1616 simulque
1147 1530 1332 1598 etalii
1364 1541 1831 1618 cooperatores»,
1860 1531 2124 1599 diversis
2156 1534 2501 1620 reprehen-

461 1642 746 1734 sionibus
769 1645 1318 1732 redarguerentur,
1353 1645 1586 1732 placuit
1617 1645 1928 1733 episcopis
1961 1645 2173 1714 Galliae
2204 1647 2269 1714 in
2300 1669 2499 1716 unum
2590 1665 2597 1670 ·

460 1759 823 1835 convenire.
867 1773 930 1828 et
967 1781 1158 1848 super.
1187 1762 1306 1830 hac
1342 1759 1830 1847 reprehensione
1866 1761 2219 1829 consulere.
2257 1762 2499 1843 Quibus

459 1873 666 1941 Chelae
723 1875 1034 1952 collectis,
1098 1876 1360 1944 sinodus
1403 1875 1616 1943 habita
1660 1885 1781 1943 est.
1836 1876 1951 1943 Cui
1998 1896 2109 1944 rex
2154 1876 2498 1947 Rotbertus

457 1989 773 2075 praesedit,
803 1990 1274 2059 considentibus
1298 1989 1821 2077 metropolitanis,
1842 1988 2145 2057 Gerberto
2165 1990 2491 2074 Remensi,

460 2103 560 2170 cui
599 2115 726 2172 tota
765 2105 1138 2173 sinodalium
1171 2125 1504 2173 causarum
1537 2105 1694 2172 ratio
1726 2085 2116 2173 discutienda
2155 2107 2495 2176 commissa

456 2215 604 2299 fuit,
645 2217 907 2306 Signino
944 2240 1195 2306 quoque
1231 2219 1609 2301 Senonensi,
1662 2219 2116 2287 Erchembaldo
2148 2203 2488 2305 Turonico,

454 2330 748 2400 Daiberto
806 2334 1209 2415 Bituricensi,
1271 2334 1532 2421 aliisque
1590 2334 1817 2401 horum
1876 2335 2493 2421 comprovintialibus

452 2446 797 2514 nonnullis.
837 2448 906 2514 ln
939 2443 1184 2535 quam.
1210 2447 1373 2515 inter
1408 2433 1717 2514 nonnulla
1734 2447 1937 2530 utilia,
1974 2448 2271 2516 constitui
2302 2460 2365 2517 et
2396 2471 2493 2519 ro-

450 2559 658 2627 borari
698 2564 951 2648 placuit,
995 2574 1066 2631 ut
1095 2564 1175 2631 ab
1205 2583 1279 2632 ea
1310 2563 1436 2645 die,
1473 2562 1639 2630 idem
1666 2563 1995 2642 sentirent,
2031 2563 2199 2632 idem
2231 2566 2488 2649 vellent,

452 2677 618 2747 idem
675 2693 1195 2768 cooperarentur,
1245 2680 1596 2750 secundum
1652 2681 1718 2748 id
1767 2681 1936 2768 quod
1989 2682 2292 2770 scriptum
2329 2695 2425 2751 est
2466 2705 2485 2750 :

453 2800 590 2859 erat
616 2794 706 2860 eis
733 2815 841 2860 cor
867 2815 1075 2862 unum
1101 2804 1158 2862 et
1185 2796 1412 2862 anima
1437 2817 1596 2864 una.
1632 2795 1896 2864 Decerni
1929 2803 1992 2863 et
2021 2795 2173 2863 illud
2206 2798 2488 2880 voluere,

454 2913 524 2971 ut
547 2905 600 2971 si
632 2904 696 2970 in
730 2906 1005 2992 qualibet
1033 2907 1340 2990 aecclesia,
1376 2927 1788 2995 quaecumque
1819 2907 2083 2976 tirannis
2114 2901 2488 2995 emergeret,

456 3037 592 3104 quae
630 3019 756 3088 telo
795 3021 1206 3090 anathematis
1244 3022 1520 3090 serlenda
1559 3023 1907 3104 videretur,
1962 3022 2025 3089 id
2071 3022 2376 3110 imprimis
2413 3024 2490 3091 ab

453 3136 748 3204 omnibus
785 3138 1242 3206 consulendum
1267 3190 1285 3221 ,
1339 3151 1402 3207 et
1449 3139 1543 3206 sic
1593 3139 1915 3207 communi
1952 3139 2205 3208 decreto
2244 3138 2491 3226 agitan-

454 3250 645 3319 dum:
689 3263 752 3320 et
788 3255 895 3341 qui
933 3256 1328 3324 anathemate
1363 3254 1683 3322 relaxandi
1721 3255 1958 3336 forent,
2004 3255 2259 3323 decreto
2310 3274 2491 3322 com-

453 3365 629 3432 muni
655 3366 947 3461 similiter
968 3367 1364 3435 relaxandoS.
1394 3367 1635 3435 Placuit
1656 3387 1909 3455 quoque
1927 3367 2180 3449 sanciri,
2208 3367 2260 3435 si
2285 3366 2433 3454 quid
2455 3386 2492 3433 a

451 3501 608 3569 papa
640 3503 905 3551 romano
937 3494 1152 3553 contra
1185 3496 1432 3572 patrum
1458 3486 1709 3554 decreta
1740 3495 2206 3573 suggereretur,
2238 3505 2491 3552 cassum

526 3746 596 3819 (1)
628 3748 748 3804 Rer.
783 3748 959 3805 Gallie.
993 3748 1147 3821 scrip.
1169 3792 1182 3816 ,
1215 3755 1254 3806 t.
1293 3763 1363 3816 x,
1401 3766 1450 3821 p.
1495 3748 1620 3806 417.
1654 3749 1954 3826 Leodicensi·
1980 3749 2213 3821 episcopo
2239 3750 2489 3806 Nocherio

459 3841 750 3898 GerbertuS.
