3100 4792
1569 445 1725 525 28,

593 609 735 696 Ipsa
773 608 910 696 ejus
965 607 1382 677 benivolentia
1421 610 1702 692 favente,
1744 630 1888 679 eum
1929 631 2043 699 pro
2081 623 2257 700 patre
2293 614 2625 682 habebitis.

591 721 747 803 Quis
784 721 954 790 enim
987 722 1065 789 ad
1103 742 1254 789 eum
1287 722 1604 810 confugit,
1642 734 1707 792 et
1737 725 2155 812 patrocinium
2186 747 2315 795 non
2347 727 2633 796 invenit?

585 835 734 922 quis
771 855 1034 902 suorum
1067 835 1311 902 auxiliis
1351 835 1714 919 destitutus,
1752 857 1867 924 per
1902 858 2047 906 eum
2088 838 2225 907 suis
2272 859 2403 908 non
2442 841 2630 909 resti-

591 966 764 1022 tutus
795 954 957 1022 tuit?
991 977 1024 1019 ι
1072 956 1187 1042 (l).

690 1072 786 1138 Eo
831 1071 1038 1158 magis
1087 1083 1300 1141 orator
1337 1071 1629 1140 laudatus
1668 1082 1800 1155 est,
1844 1072 2014 1160 quod
2051 1072 2423 1160 jamdudum
2467 1075 2635 1144 idem

591 1189 956 1276 congregati
1017 1189 1332 1277 principes
1383 1189 1759 1258 sentiebant.
1817 1190 2033 1278 ltaque
2077 1193 2213 1258 Dux
2278 1213 2309 1253 α
2350 1191 2635 1258 omnium

591 1322 908 1370 consensu
954 1303 1018 1370 in
1063 1323 1330 1390 regnum
1379 1312 1785 1390 promovetur
1824 1313 1889 1372 et
1931 1323 2043 1391 per
2082 1304 2635 1392 metropolitanum

593 1418 874 1505 aliosque
911 1418 1244 1506 episcopos
1283 1418 1571 1486 Noviomi
1608 1430 1980 1500 coronatae,
2022 1417 2253 1500 Gallis,
2280 1418 2633 1498 Britannis,

593 1536 816 1609 Dahis.
855 1536 1226 1624 AquitaniS‚
1281 1536 1540 1613 Gothis,
1600 1535 1899 1624 Hispanis
1927 1589 1945 1618 ,
2000 1535 2425 1604 Wasconibus
2452 1589 2467 1612 ‚
2526 1556 2639 1604 rex

593 1650 879 1718 kalendis
921 1651 1060 1738 jun.
1115 1661 1504 1738 praerogatur
1558 1650 1675 1736 (2).
1730 1674 1761 1713 ιο
1821 1649 1963 1730 Quo
2015 1659 2200 1736 pacto
2258 1668 2331 1716 se
2384 1657 2635 1735 gratum

597 1763 912 1851 episcopis
949 1763 1286 1852 praebuerit
1321 1765 1544 1851 Engo,
1587 1763 1916 1850 exquirere
1950 1762 2105 1829 mihi
2142 1762 2207 1830 in
2246 1761 2457 1830 animo
2498 1773 2632 1837 est;

597 1891 660 1946 at
695 1880 871 1968 prius
901 1881 982 1950 de
1019 1881 1243 1949 Carolo
1281 1880 1497 1968 paucis
1535 1878 1965 1947 absolvamus.

693 1995 964 2083 Hugone
999 2008 1330 2084 regnante,
1372 1993 1635 2063 Carolus
1671 1994 1736 2061 in
1774 2014 1973 2081 regno
1996 1993 2055 2059 vi
2089 1991 2330 2060 dolisve
2368 2012 2638 2080 recupe-

594 2110 794 2185 rando
858 2111 1136 2180 molitur.
1197 2111 1432 2179 Eodem
1473 2120 1759 2196 tempore
1822 2107 2139 2188 Adalbero
2195 2105 2635 2174 Laudunensis

605 2247 634 2286 α
661 2223 793 2290 suis
817 2223 1057 2290 civibus
1079 2223 1406 2311 plusjusto
1421 2221 1683 2309 injurias
1696 2222 1776 2288 de
1798 2221 1938 2308 lege
1960 2219 2202 2307 agraria
2223 2219 2565 2307 irrogabat.
2598 2242 2632 2280 »

595 2339 779 2408 Unde
815 2339 1069 2426 quidam
1105 2341 1263 2408 clam
1297 2340 1375 2407 ab
1411 2359 1488 2407 eo
1515 2338 1942 2419 discedenteS,
1970 2334 2474 2422 benevolumque
2497 2333 2637 2402 ani·-

595 2475 770 2522 mum
796 2455 1205 2524 nihilominus
1225 2454 1621 2538 simulantes,
1644 2453 2143 2543 exploratoribus
2172 2452 2465 2521 Carolum
2496 2472 2639 2520 sese

596 2569 661 2635 in
715 2570 936 2637 urbem
989 2580 1354 2658 recepturos
1413 2568 1811 2658 promittunt.
1886 2567 2019 2635 Nec
2054 2565 2479 2635 omittendum
2542 2577 2641 2633 est

593 2683 1109 2773 Carlovingianos
1138 2685 1509 2753 Laudunum
1533 2684 1639 2751 diu
1665 2682 1974 2765 coluisse,
2009 2692 2073 2750 et
2100 2681 2306 2764 cives,
2335 2681 2389 2748 si
2411 2679 2638 2767 conjici

595 2799 808 2882 liceat,
864 2800 981 2867 sibi
1027 2800 1429 2881 conciliasse,
1485 2799 1593 2887 qui
1647 2798 1793 2866 dolo
1844 2797 2281 2865 intromissum
2334 2797 2631 2864 Carolum

595 2913 931 3001 accipiunt.
974 2913 1326 3002 Episcopus
1364 2935 1513 2982 vero
1537 2965 1556 2996 ,
1598 2933 1745 2981 cum
1784 2933 1895 3000 per
1930 2911 2191 2980 declivia
2227 2909 2463 2978 montis
2498 2908 2633 2996 jam

597 3029 850 3117 elapsus
882 3038 947 3097 et
994 3029 1060 3096 in
1093 3030 1293 3098 vineis
1345 3030 1423 3097 ab
1455 3027 1967 3097 observatoribus
1998 3035 2284 3114 repertus
2316 3034 2523 3106 esset,
2554 3023 2633 3091 ad

597 3147 887 3216 Carolum
914 3146 1220 3215 adductus
1243 3159 1365 3229 est,
1385 3157 1450 3214 et
1471 3148 1549 3214 ab
1572 3147 1734 3215 eoin
1759 3166 2071 3215 carcerem
2092 3145 2319 3232 jactus.
2347 3142 2635 3209 Emmam

597 3282 850 3351 quoque
897 3262 1220 3348 reginam,
1261 3263 1443 3350 cujus
1488 3261 1787 3330 instinctu
1844 3281 1988 3330 sese
2038 3259 2359 3347 repulsum
2404 3278 2547 3326 esse
2601 3277 2637 3324 a

595 3381 784 3447 fratre
824 3379 1269 3462 arbitrabatur,
1311 3379 1822 3467 comprehendit.
1868 3379 2051 3467 eique
2112 3377 2409 3446 custodes
2446 3373 2626 3442 adhi-

593 3495 732 3564 buit
766 3493 881 3585 (4).

667 3689 738 3761 (1)
768 3688 1038 3744 Richcrius
1059 3733 1071 3754 ,
1099 3689 1190 3743 lib.
1225 3701 1310 3755 lv,
1337 3705 1446 3760 cap.
1483 3690 1571 3744 11.

668 3785 739 3858 (⁰2)
768 3783 873 3851 Id„
899 3783 1028 3840 ibid.
1055 3829 1067 3852 ,
1093 3801 1202 3856 cap.
1235 3785 1322 3841 12.

673 3877 744 3950 (3)
774 3875 879 3944 Id„
909 3876 1038 3932 ibid.
1065 3921 1076 3944 ,
1105 3894 1214 3948 cap.
1250 3878 1333 3933 15.

673 3973 743 4045 (4)
772 3971 876 4036 Id„
908 3973 1058 4034 ibid..
1095 3989 1204 4044 cap.
1243 3973 1327 4028 16.
