3100 4792
1541 434 1677 500 ‘14

614 622 678 679 et
706 611 900 678 multa
939 608 1103 676 circa
1133 625 1254 673 nos
1284 605 1606 674 Othonum
1639 605 1941 674 beneficia
1972 606 2099 675 filio
2132 606 2397 675 Caesaris
2428 609 2654 678 adver-

615 727 740 794 sari
784 745 914 793 non
965 724 1202 792 sinunt.
1243 722 1522 807 Denique
1570 741 1673 789 res
1724 731 1977 789 nostras
2022 722 2101 788 ad
2152 723 2450 790 auxilium
2501 746 2652 813 pro-

611 839 929 907 movimus
964 836 1075 924 (1).
1117 861 1150 900 »
2613 829 2637 852 ”

703 953 847 1022 Non
879 953 1070 1020 modo
1103 953 1446 1021 Henricum
1484 953 1850 1032 insectatur,
1894 950 2007 1019 sed
2044 951 2231 1018 etiam
2265 950 2653 1019 Francorum

617 1089 826 1156 regeS.
874 1093 996 1134 «...
1043 1067 1204 1135 Ecce
1241 1053 1446 1154 palam
1485 1066 1842 1135 destituitur
1874 1065 1974 1133 cui
2018 1065 2099 1133 ob
2136 1077 2395 1153 paterna
2430 1066 2654 1134 merita

616 1186 804 1253 fidem
865 1183 1210 1266 devovisti,
1252 1183 1542 1252 devotam
1596 1202 1847 1250 servare
1906 1181 2201 1250 debuisti.
2268 1180 2650 1248 Germanum

609 1300 866 1368 -Brisaca
926 1298 1214 1367 Rhenani
1282 1297 1508 1366 littoris
1577 1297 1966 1365 Francorum
2034 1317 2218 1384 reges
2267 1296 2429 1364 elam
2482 1317 2653 1364 nunc

615 1413 869 1481 adeunt.
925 1412 1238 1480 Henricus
1289 1411 1645 1500 reipublicae
1688 1411 1892 1479 hostis
1944 1411 2295 1479 accurrit...
2344 1410 2682 1478 Novimus-

616 1528 739 1595 alta
763 1527 1048 1610 consilia,
1078 1515 1464 1594 Francorum
1489 1526 1791 1613 impetum
1822 1547 1840 1594 ε
1868 1526 1981 1595 sed
2002 1546 2189 1614 quem
2214 1527 2404 1593 finem
2426 1525 2654 1594 habeat

613 1661 743 1709 non
778 1642 1147 1728 ignoramus
1184 1639 1295 1730 (2).
1338 1665 1370 1704 >2

706 1755 1056 1822 Germanos
1113 1754 1484 1842 episcopm,
1541 1775 1623 1822 ne
1674 1754 2008 1841 imperium
2064 1755 2256 1822 dividi
2309 1756 2645 1843 patiantur,

614 1868 1165 1936 vehementissime
1214 1869 1524 1936 hortatur.
1580 1893 1705 1935 «...
1757 1869 1897 1950 Quo
1948 1869 2210 1937 recessit
2254 1870 2653 1940 sanctissima

613 1983 816 2051 fides?
851 1982 1299 2052 excideruntne
1333 1983 1544 2051 animo
1580 1983 1882 2052 beneficia
1917 1983 2240 2052 Othonum
2275 1985 2454 2053 vobis
2492 2007 2650 2054 con-

519 2077 526 2081 ’
615 2099 776 2165 lata?
812 2118 1105 2186 magnam
1143 2097 1616 2185 intelligentiam
1654 2108 1929 2164 vestram
1966 2108 2287 2181 revocate,
2322 2101 2651 2186 generosi-

615 2223 809 2281 tatem
870 2213 1236 2300 perpendite
1257 2264 1275 2294 ,
1331 2234 1412 2281 ne
1475 2226 1779 2301 perpetuo
1830 2213 2122 2281 dedecori
2174 2213 2390 2300 generi
2439 2227 2651 2284 vestro

618 2351 762 2399 esse
798 2330 1027 2399 velitis.
1067 2331 1134 2400 Si
1184 2331 1351 2399 vires
1399 2352 1514 2400 vos
1560 2331 1899 2400 destituere
1948 2333 2336 2417 acclamatiS‚
2392 2335 2652 2403 meliora

615 2445 962 2514 sentientes
991 2446 1362 2534 perquirite,
1399 2466 1518 2514 nos
1550 2447 1859 2528 fautoreS‚
1903 2445 2297 2534 coadjutores
2328 2449 2391 2514 in
2423 2449 2651 2518 talibus

615 2559 890 2645 negotiis
945 2561 1078 2628 sore
1134 2559 1452 2628 confidite.
1519 2561 1593 2626 ln
1651 2559 2115 2646 perturbatione
2170 2572 2235 2629 et
2280 2562 2651 2631 confusione

615 2673 903 2741 omnium
943 2695 1190 2758 rerum,
1233 2674 1374 2760 quis
1420 2674 1675 2741 alterius
1722 2674 1950 2742 levabit
1986 2675 2185 2742 onus?
2232 2675 2559 2745 Postremo
2598 2677 2652 2745 si

615 2787 788 2856 salva
833 2789 1134 2876 dignitate
1181 2789 1374 2856 vestri
1419 2788 1697 2856 nominis
1746 2789 1967 2859 urbem
2018 2790 2416 2860 Trevirorum
2463 2793 2650 2859 tutari

612 2925 743 2972 non
776 2904 1029 2987 valetiS,
1071 2905 1416 2973 Remorum
1457 2904 1704 2991 utrique
1742 2914 2029 2972 nostrum
2062 2905 2142 2971 sit
2174 2905 2411 2972 satis...
2450 2906 2567 2992 (5).
2610 2930 2643 2969 n

705 3023 1000 3088 Attamen
1037 3041 1225 3108 quam
1264 3020 1595 3108 ambiguas
1626 3031 1771 3108 agat
1805 3030 2015 3108 partes
2050 3020 2216 3087 haud
2253 3019 2461 3106 ipsum
2494 3020 2653 3108 sugit

613 3136 1100 3204 Adalberonem.
1133 3137 1370 3218 Quum,
1395 3155 1583 3203 suum
1605 3135 1802 3223 ipsius
1822 3145 2137 3222 nepotem.
2166 3134 2413 3202 comitis
2437 3135 2648 3203 Gode-

681 3365 759 3440 (1)
792 3367 854 3422 D.
885 3367 1138 3438 Bouquet‚
1170 3372 1208 3420 t.
1241 3381 1319 3429 lx.
1357 3383 1408 3438 p.
1450 3366 1574 3422 275.
1616 3365 1694 3420 Ex
1730 3381 1943 3436 persona
1984 3366 2311 3422 Adalberonis
2354 3367 2647 3439 Moguntino

611 3461 838 3532 archiep.
861 3503 876 3528 ,
905 3477 1036 3516 anno
1069 3461 1192 3516 984.

687 3555 757 3629 (⁴2)
783 3555 864 3612 Id.
921 3555 1052 3612 ibid.
1100 3555 1368 3626 Note-gario
1423 3553 1657 3626 episcopo
1701 3554 1971 3610 Leudiensi
2028 3555 2237 3626 epistola
2282 3555 2643 3624 Adalberonis,

608 3649 1037 3809 ἃῃὲἕῇῗέὲὺὶάη
1057 3754 1106 3809 p.
1123 3737 1247 3794 277.
1267 3737 1479 3794 Ecberto
1493 3737 1717 3808 archiep.
1742 3737 2048 3805 Trevirensi,
2067 3755 2129 3794 ex
2145 3754 2276 3810 pers,
2296 3738 2645 3806 AdalberoniS‚

605 3851 742 3890 anno
769 3833 893 3890 984.
