3100 4792
1493 467 1581 536 35

608 636 702 704 Ita
724 657 910 724 quem
935 635 1001 703 in
1029 655 1295 724 regnum
1321 635 1595 704 disertus
1616 635 2127 724 archiepiscopus
2153 645 2546 724 provexerat.

515 753 808 820 eumdem
849 752 1128 840 proditor
1163 753 1497 841 episcopus
1533 751 1825 819 firmavit.

513 1024 784 1097 participes
830 1032 996 1081 vocat.
1069 1025 1286 1081 Karolus
1333 1031 1384 1080 et
1448 1024 1693 1080 Arnulsus
1756 1027 2003 1081 matutino
2049 1042 2226 1082 somno
2281 1026 2546 1097 oppressi,

513 1119 859 1192 quiescebant.
894 1119 1072 1177 Coram
1111 1121 1294 1193 quibus
1321 1136 1436 1175 cum
1479 1120 1652 1176 hostes
1694 1121 1825 1177 sacto
1862 1120 2062 1192 agmine
2089 1121 2353 1187 adessent,
2385 1127 2436 1176 et
2474 1121 2549 1177 illi

513 1214 850 1286 expergefacti
871 1215 1184 1271 adversarios
1203 1215 1558 1282 advertissent,
1581 1233 1609 1271 a
1634 1217 1781 1273 lectis
1799 1216 2121 1289 prosilientes
2142 1222 2192 1271 et
2209 1233 2347 1272 arma
2368 1233 2549 1288 capes-

514 1325 626 1366 sere
671 1309 922 1376 nitentes„
970 1327 1064 1364 nec
1112 1309 1454 1381 reperienteS‚
1501 1315 1722 1382 querunt
1772 1309 2011 1382 quidnam
2054 1309 2334 1364 matutinus
2374 1325 2551 1364 eorum

513 1405 692 1460 afferat
731 1411 961 1461 eventus,
1005 1405 1251 1460 Adalbero
1285 1422 1403 1460 vero
1437 1427 1447 1460 :
1489 1426 1510 1456 α
1533 1405 1807 1477 quoniam,
1840 1403 2037 1476 inquit,
2067 1421 2235 1460 arcem
2265 1404 2396 1460 hanc
2425 1404 2553 1459 mihi

513 1515 674 1569 nuper
702 1499 1021 1570 surripuistis
1049 1505 1100 1554 et
1126 1499 1188 1554 ab
1217 1516 1276 1554 ea
1304 1501 1504 1555 exulem
1535 1498 1673 1554 abire
1713 1498 1952 1570 coegistis
1970 1541 1982 1565 ,
2013 1504 2065 1553 et
2100 1515 2191 1553 vos
2229 1497 2351 1554 hinc
2391 1499 2550 1555 dissi-

509 1593 618 1648 mili
665 1601 832 1650 tamen
881 1596 1080 1650 fortuna
1129 1595 1422 1668 pellemini.>
1447 1595 1551 1666 Ego
1591 1595 1726 1650 enim
1762 1594 1949 1666 proprii
1982 1594 2117 1667 juris
2154 1595 2407 1662 remansi;
2455 1613 2547 1651 vos
2651 1660 2658 1665 ,

512 1687 677 1744 alieno
699 1689 954 1745 subibitis,
978 1711 1000 1741 »
1036 1690 1110 1744 Ad
1138 1691 1232 1746 hec
1261 1691 1512 1746 Karolus:
1553 1713 1575 1737 α
1602 1692 1702 1757 An,
1731 1689 1918 1768 inquit,
1942 1689 1981 1744 O
2012 1689 2265 1761 episcope,
2294 1690 2548 1745 hesternae

511 1798 650 1838 cenae
677 1799 871 1839 memor
906 1784 980 1840 sis
1021 1785 1234 1840 nimium
1274 1785 1449 1840 miror.
1495 1785 1608 1841 Non
1638 1801 1755 1856 ergo
1797 1785 1906 1856 ipsa
1943 1783 2234 1840 Divinitatis
2272 1785 2553 1840 reverentia

511 1876 802 1933 inhibebit?
828 1879 1033 1936 Nihilne
1054 1880 1141 1953 jus
1171 1880 1516 1935 sacramenti?
1539 1879 1679 1935 Nihil
1707 1881 1960 1935 hesternae
1986 1896 2124 1934 cenae
2156 1879 2450 1950 imprecatio
2470 1882 2496 1935 ⁶?
2520 1901 2542 1932 n

511 1975 576 2030 At
621 1975 810 2031 frustra
857 1975 1150 2048 deprecatur
1198 1977 1279 2031 vel
1325 1975 1489 2031 minas
1535 1976 1786 2042 intendit;
1833 1975 2184 2046 comprehensi
2232 1975 2449 2031 Karolus
2500 1984 2552 2031 et

512 2069 756 2124 Arnulsus
807 2068 858 2124 in
903 2069 1032 2124 turri
1076 2069 1422 2124 includuntur.
1477 2069 1599 2124 Sine
1644 2085 1783 2124 mora
1830 2068 2022 2140 legatos
2070 2068 2132 2123 ad
2181 2071 2353 2148 regem
2392 2067 2550 2124 mittit

512 2162 756 2219 Adalbero
778 2206 791 2229 ,
814 2161 900 2234 qui
929 2162 1098 2218 omnia
1127 2178 1362 2234 prospere
1387 2168 1580 2234 patrata
1608 2161 1862 2216 nuntient.
1911 2160 2006 2218 Ubi
2036 2161 2239 2216 advenit
2282 2161 2426 2232 Hugo
2448 2206 2462 2228 ,
2492 2177 2547 2232 se
2588 2182 2593 2186 ·

513 2260 651 2316 illius
679 2260 797 2316 fidei
827 2261 1030 2316 tradunt
1054 2260 1218 2329 civeS,
1249 2267 1301 2317 et
1329 2277 1448 2316 cum
1476 2261 1639 2332 captis
1668 2259 1891 2329 inimicis
1922 2259 2267 2320 Silvanectum
2297 2261 2446 2316 redit.
