3100 4792
1219 1108 1428 1176 PARS
1485 1105 1943 1174 POSTERlOR
1958 1159 1973 1173 .

669 1636 1022 1724 Capetianis
1069 1637 1510 1725 praestantibus
1539 1688 1559 1718 ‚
1615 1635 2034 1704 feudatorium
2089 1634 2371 1722 regimen
2428 1635 2617 1702 etiam

578 1751 943 1840 praestitisse
987 1752 1153 1819 haud
1213 1751 1454 1818 inficias
1505 1771 1607 1820 eo.
1671 1751 1861 1838 Hugo
1908 1771 2059 1819 vero
2110 1750 2263 1818 nihil
2311 1749 2391 1818 de
2442 1751 2620 1838 regio

569 1865 714 1954 jure
759 1866 1023 1941 remitti,
1067 1876 1130 1934 et
1169 1886 1296 1933 non
1331 1865 1522 1934 modo
1559 1885 1687 1933 non
1732 1865 2018 1933 ordinem
2064 1886 2299 1932 novum
2332 1865 2613 1946 institui,

578 1983 708 2050 imo
745 2003 816 2050 se
853 1983 914 2049 iu
958 1983 1167 2049 locum
1202 1981 1407 2049 Caroli
1449 1981 1663 2069 magni
1704 1980 1941 2049 sobolis
1978 1979 2341 2068 subrogari,
2385 1979 2617 2066 ubique

578 2108 642 2165 et
671 2097 860 2164 variis
903 2097 1111 2164 modis
1149 2096 1481 2184 significat.
1533 2121 1563 2160 α
1611 2097 1889 2184 Stipatus
1934 2116 2276 2183 regnorum
2314 2093 2618 2183 principi-

575 2208 730 2291 buS‚
774 2208 860 2276 ait
907 2208 1277 2290 RicheriuS‚
1334 2228 1510 2276 more
1562 2208 1735 2296 regio
1787 2210 2036 2278 decreta
2087 2209 2265 2289 fecit,
2318 2210 2619 2296 legesque

577 2321 890 2405 condidit,
939 2322 1101 2390 felici
1157 2343 1457 2390 successu
1509 2323 1721 2389 omnia
1781 2323 2116 2404 ordinum,
2166 2333 2353 2410 atque
2403 2323 2619 2390 distri-

575 2435 779 2502 buens
811 2435 927 2523 (1).
958 2461 989 2500 ι
1025 2435 1188 2502 Tum
1219 2435 1406 2504 etiam
1441 2436 1646 2504 Caroli
1679 2435 1989 2523 capitulis,
2026 2447 2097 2504 ut
2126 2437 2399 2524 quodam
2426 2437 2621 2505 modo

575 2562 932 2638 temporum
975 2553 1172 2620 series
1210 2553 1716 2636 continuaretur,
1767 2552 2105 2641 diplomata
2148 2573 2262 2620 sua
2312 2553 2620 2621 corrobo-

578 2686 716 2734 rare
781 2665 932 2755 (2);
995 2689 1291 2756 proceres
1351 2670 1509 2736 ultra
1575 2669 1846 2756 Ligerim
1908 2669 2283 2738 rebellantes
2340 2669 2460 2736 sub
2512 2669 2621 2755 jus

575 2781 1004 2868 ditionemque
1035 2782 1320 2871 redigere
1345 2785 1468 2872 (5);
1500 2783 1652 2871 quin
1675 2784 1831 2866 imo,
1870 2785 2071 2852 Caroli
2095 2784 2316 2866 instar,
2342 2785 2619 2874 impera-

576 2908 785 2965 torum
816 2899 1649 2987 Constantinopolitanorum
1684 2900 2049 2967 societatem
2088 2921 2199 2988 per
2230 2902 2619 2969 connubium

578 3013 817 3080 ambire
852 3015 970 3100 (4).

671 3127 733 3194 ls
770 3138 1014 3210 autem,
1056 3140 1127 3195 ut
1163 3149 1458 3217 proceres
1496 3129 1767 3197 divisum
1816 3129 2147 3216 imperium
2186 3151 2388 3218 usque
2425 3131 2621 3201 affec-

577 3249 782 3309 tantes
819 3243 1349 3329 superemineret,
1388 3243 1829 3331 episcoporum
1868 3243 2096 3312 auxilio
2139 3245 2474 3329 nitebatur,
2510 3250 2619 3334 qui

456 3357 468 3368 ‘
576 3375 843 3444 regnum
883 3357 1072 3424 unius
1103 3379 1248 3425 esse
1286 3379 1536 3446 semper
1568 3359 1923 3427 voluerunt.
1968 3386 2001 3424 «
2048 3361 2123 3427 Et
2154 3373 2223 3429 ut
2251 3362 2619 3430 beatitudini

651 3587 1057 3662 (1)R1cher1us
1087 3587 1177 3643 lib.
1212 3603 1297 3655 lv,
1329 3605 1439 3660 cap.
1476 3588 1563 3643 12.

651 3681 720 3755 (Ξ)
752 3683 982 3752 Hugonis
1011 3681 1279 3754 diplomata
1309 3699 1388 3754 ap.
1422 3684 1541 3739 Rer.
1576 3683 1755 3739 Gallie.
1790 3684 1964 3756 script.
1999 3689 2037 3738 t.
2070 3699 2136 3750 x,
2167 3702 2217 3755 p.
2248 3684 2370 3742 548.

653 3780 724 3854 (3)
750 3779 917 3843 Ibid,
950 3798 1001 3853 p.
1040 3783 1158 3837 145.
1193 3782 1269 3836 Ex
1298 3781 1535 3837 chronico
1564 3783 1833 3838 Adhemari
1860 3781 2184 3840 Gatianensis.

659 3875 737 3948 (4)
763 3874 898 3930 Ibid.
919 3918 931 3937 ,
966 3892 1014 3946 p.
1049 3877 1172 3932 410.
1205 3875 1432 3933 Gerberti
1461 3877 1689 3949 epistola.
