<?xml version="1.0" encoding="UTF-8"?>
<!DOCTYPE html PUBLIC "-//W3C//DTD XHTML 1.0 Transitional//EN"
    "http://www.w3.org/TR/xhtml1/DTD/xhtml1-transitional.dtd">
<html xmlns="http://www.w3.org/1999/xhtml" xml:lang="en" lang="en">
 <head>
  <title>
</title>
<meta http-equiv="Content-Type" content="text/html;charset=utf-8" />
  <meta name='ocr-system' content='tesseract 3.04.00' />
  <meta name='ocr-capabilities' content='ocr_page ocr_carea ocr_par ocr_line ocrx_word'/>
</head>
<body>
  <div class='ocr_page' id='page_1' title='image "./quaepartesfueri00mourgoog_0029.png"; bbox 0 0 3100 4792; ppageno 0'>
   <div class='ocr_carea' id='block_1_1' title="bbox 1419 492 1504 560">
    <p class='ocr_par' dir='ltr' id='par_1_1' title="bbox 1419 492 1504 560">
     <span class='ocr_line' id='line_1_1' title="bbox 1419 492 1504 560; baseline 0 0"><span class='ocrx_word' id='word_1_1' title='bbox 1419 492 1504 560; x_wconf 74' lang='lat'>25</span> 
     </span>
    </p>
   </div>
   <div class='ocr_carea' id='block_1_2' title="bbox 400 659 2502 3405">
    <p class='ocr_par' dir='ltr' id='par_1_2' title="bbox 400 659 2502 3405">
     <span class='ocr_line' id='line_1_2' title="bbox 438 659 2482 750; baseline -0.001 -21"><span class='ocrx_word' id='word_1_2' title='bbox 438 663 684 731; x_wconf 82' lang='lat' dir='ltr'><strong>Etenim</strong></span> <span class='ocrx_word' id='word_1_3' title='bbox 725 662 1177 750; x_wconf 90' lang='lat' dir='ltr'>archiepiscopi</span> <span class='ocrx_word' id='word_1_4' title='bbox 1217 659 1503 728; x_wconf 82' lang='lat' dir='ltr'>facundia</span> <span class='ocrx_word' id='word_1_5' title='bbox 1543 678 1809 746; x_wconf 82' lang='lat' dir='ltr'>quaeque</span> <span class='ocrx_word' id='word_1_6' title='bbox 1846 659 2265 727; x_wconf 83' lang='lat' dir='ltr'>instruuntur.</span> <span class='ocrx_word' id='word_1_7' title='bbox 2317 661 2482 728; x_wconf 84' lang='lat' dir='ltr'>Ante</span> 
     </span>
     <span class='ocr_line' id='line_1_3' title="bbox 439 775 2483 867; baseline -0 -20"><span class='ocrx_word' id='word_1_8' title='bbox 439 800 733 867; x_wconf 84' lang='lat' dir='ltr'><strong>proceres</strong></span> <span class='ocrx_word' id='word_1_9' title='bbox 779 789 1229 866; x_wconf 81' lang='lat' dir='ltr'>congregatos.</span> <span class='ocrx_word' id='word_1_10' title='bbox 1294 776 1443 863; x_wconf 90' lang='lat' dir='ltr'>quid</span> <span class='ocrx_word' id='word_1_11' title='bbox 1507 786 1680 844; x_wconf 85' lang='lat' dir='ltr'>esset</span> <span class='ocrx_word' id='word_1_12' title='bbox 1732 775 2047 862; x_wconf 84' lang='lat' dir='ltr'>agendum</span> <span class='ocrx_word' id='word_1_13' title='bbox 2108 775 2243 844; x_wconf 91' lang='lat' dir='ltr'>sine</span> <span class='ocrx_word' id='word_1_14' title='bbox 2290 775 2483 846; x_wconf 90' lang='lat' dir='ltr'>dubio</span> 
     </span>
     <span class='ocr_line' id='line_1_4' title="bbox 441 891 2485 982; baseline -0 -21"><span class='ocrx_word' id='word_1_15' title='bbox 441 895 753 963; x_wconf 86' lang='lat' dir='ltr'>Adalhero</span> <span class='ocrx_word' id='word_1_16' title='bbox 785 904 974 982; x_wconf 88' lang='lat' dir='ltr'>atque</span> <span class='ocrx_word' id='word_1_17' title='bbox 1008 894 1194 981; x_wconf 82' lang='lat' dir='ltr'>Hugo</span> <span class='ocrx_word' id='word_1_18' title='bbox 1225 893 1703 960; x_wconf 87' lang='lat' dir='ltr'>consuluerant.</span> <span class='ocrx_word' id='word_1_19' title='bbox 1744 891 1961 978; x_wconf 89' lang='lat' dir='ltr'>ltaque</span> <span class='ocrx_word' id='word_1_20' title='bbox 1989 911 2025 958; x_wconf 90' lang='lat' dir='ltr'>e</span> <span class='ocrx_word' id='word_1_21' title='bbox 2058 911 2175 958; x_wconf 90' lang='lat' dir='ltr'>suo</span> <span class='ocrx_word' id='word_1_22' title='bbox 2207 891 2485 978; x_wconf 89' lang='lat' dir='ltr'>periculo</span> 
     </span>
     <span class='ocr_line' id='line_1_5' title="bbox 400 1007 2482 1097; baseline 0.003 -28"><span class='ocrx_word' id='word_1_23' title='bbox 400 1064 406 1070; x_wconf 86' lang='lat'>.</span> <span class='ocrx_word' id='word_1_24' title='bbox 442 1009 546 1076; x_wconf 84' lang='lat' dir='ltr'>vix</span> <span class='ocrx_word' id='word_1_25' title='bbox 584 1011 835 1097; x_wconf 85' lang='lat' dir='ltr'>elapsus</span> <span class='ocrx_word' id='word_1_26' title='bbox 867 1009 946 1077; x_wconf 93' lang='lat' dir='ltr'>de</span> <span class='ocrx_word' id='word_1_27' title='bbox 982 1008 1302 1096; x_wconf 80' lang='lat' dir='ltr'>republica</span> <span class='ocrx_word' id='word_1_28' title='bbox 1339 1007 1717 1076; x_wconf 86' lang='lat' dir='ltr'>sententiam</span> <span class='ocrx_word' id='word_1_29' title='bbox 1759 1007 2274 1095; x_wconf 79' lang='lat' dir='ltr'>archiepiscopus</span> <span class='ocrx_word' id='word_1_30' title='bbox 2310 1007 2482 1077; x_wconf 90' lang='lat' dir='ltr'>dicit.</span> 
     </span>
     <span class='ocr_line' id='line_1_6' title="bbox 443 1121 2489 1211; baseline 0.001 -23"><span class='ocrx_word' id='word_1_31' title='bbox 443 1123 538 1191; x_wconf 94' lang='lat' dir='ltr'>Ne</span> <span class='ocrx_word' id='word_1_32' title='bbox 573 1122 928 1191; x_wconf 83' lang='lat' dir='ltr'>inconsulte</span> <span class='ocrx_word' id='word_1_33' title='bbox 961 1122 1282 1210; x_wconf 91' lang='lat' dir='ltr'>properari</span> <span class='ocrx_word' id='word_1_34' title='bbox 1319 1121 1541 1191; x_wconf 88' lang='lat' dir='ltr'>electio</span> <span class='ocrx_word' id='word_1_35' title='bbox 1584 1121 1864 1188; x_wconf 87' lang='lat' dir='ltr'>videatur</span> <span class='ocrx_word' id='word_1_36' title='bbox 1886 1173 1904 1202; x_wconf 82' lang='grc'><em>,</em></span> <span class='ocrx_word' id='word_1_37' title='bbox 1942 1121 2006 1188; x_wconf 93' lang='lat' dir='ltr'>in</span> <span class='ocrx_word' id='word_1_38' title='bbox 2040 1121 2204 1188; x_wconf 87' lang='lat' dir='ltr'>aliud</span> <span class='ocrx_word' id='word_1_39' title='bbox 2238 1133 2489 1211; x_wconf 87' lang='lat' dir='ltr'>tempus</span> 
     </span>
     <span class='ocr_line' id='line_1_7' title="bbox 447 1241 2488 1330; baseline 0.002 -22"><span class='ocrx_word' id='word_1_40' title='bbox 447 1242 855 1311; x_wconf 82' lang='lat' dir='ltr'>differendam</span> <span class='ocrx_word' id='word_1_41' title='bbox 889 1253 1130 1312; x_wconf 87' lang='lat' dir='ltr'>censet.</span> <span class='ocrx_word' id='word_1_42' title='bbox 1182 1267 1213 1305; x_wconf 86' lang='lat'>‹</span> <span class='ocrx_word' id='word_1_43' title='bbox 1252 1241 1428 1330; x_wconf 84' lang='lat' dir='ltr'>Rege</span> <span class='ocrx_word' id='word_1_44' title='bbox 1471 1253 1695 1310; x_wconf 87' lang='lat' dir='ltr'>nostro</span> <span class='ocrx_word' id='word_1_45' title='bbox 1727 1241 2014 1330; x_wconf 88' lang='lat' dir='ltr'>piissimo</span> <span class='ocrx_word' id='word_1_46' title='bbox 2042 1294 2060 1325; x_wconf 86' lang='lat'>‚</span> <span class='ocrx_word' id='word_1_47' title='bbox 2102 1243 2263 1311; x_wconf 88' lang='lat' dir='ltr'>inter</span> <span class='ocrx_word' id='word_1_48' title='bbox 2302 1245 2488 1313; x_wconf 89' lang='lat' dir='ltr'>intel-</span> 
     </span>
     <span class='ocr_line' id='line_1_8' title="bbox 447 1358 2488 1447; baseline 0.002 -23"><span class='ocrx_word' id='word_1_49' title='bbox 447 1359 732 1427; x_wconf 87' lang='lat' dir='ltr'>lectibilia</span> <span class='ocrx_word' id='word_1_50' title='bbox 770 1360 1108 1442; x_wconf 85' lang='lat' dir='ltr'>translato,</span> <span class='ocrx_word' id='word_1_51' title='bbox 1150 1359 1364 1447; x_wconf 81' lang='lat' dir='ltr'>magni</span> <span class='ocrx_word' id='word_1_52' title='bbox 1397 1358 1576 1427; x_wconf 89' lang='lat' dir='ltr'>ducis</span> <span class='ocrx_word' id='word_1_53' title='bbox 1616 1369 2099 1445; x_wconf 85' lang='lat' dir='ltr'>ceterorumque</span> <span class='ocrx_word' id='word_1_54' title='bbox 2135 1358 2488 1447; x_wconf 81' lang='lat' dir='ltr'>principum</span> 
     </span>
     <span class='ocr_line' id='line_1_9' title="bbox 448 1469 2489 1566; baseline 0.001 -28"><span class='ocrx_word' id='word_1_55' title='bbox 448 1470 863 1566; x_wconf 81' lang='lat' dir='ltr'>benivolentia</span> <span class='ocrx_word' id='word_1_56' title='bbox 897 1473 975 1539; x_wconf 89' lang='lat' dir='ltr'>ab</span> <span class='ocrx_word' id='word_1_57' title='bbox 1014 1469 1275 1558; x_wconf 83' lang='lat' dir='ltr'>objectis</span> <span class='ocrx_word' id='word_1_58' title='bbox 1313 1481 1643 1558; x_wconf 81' lang='lat' dir='ltr'>purgatuS,</span> <span class='ocrx_word' id='word_1_59' title='bbox 1673 1471 1762 1538; x_wconf 91' lang='lat' dir='ltr'>rei</span> <span class='ocrx_word' id='word_1_60' title='bbox 1786 1471 2049 1558; x_wconf 83' lang='lat' dir='ltr'>publicae</span> <span class='ocrx_word' id='word_1_61' title='bbox 2085 1472 2489 1540; x_wconf 88' lang='lat' dir='ltr'>consulturus</span> 
     </span>
     <span class='ocr_line' id='line_1_10' title="bbox 449 1565 2489 1672; baseline 0 -18"><span class='ocrx_word' id='word_1_62' title='bbox 449 1585 821 1654; x_wconf 87' lang='lat' dir='ltr'>consedi....</span> <span class='ocrx_word' id='word_1_63' title='bbox 885 1605 1224 1654; x_wconf 90' lang='lat' dir='ltr'>commune</span> <span class='ocrx_word' id='word_1_64' title='bbox 1286 1565 1621 1654; x_wconf 90' lang='lat' dir='ltr'>consilium</span> <span class='ocrx_word' id='word_1_65' title='bbox 1679 1605 1933 1672; x_wconf 78' lang='lat' dir='ltr'>queem,</span> <span class='ocrx_word' id='word_1_66' title='bbox 2000 1585 2142 1672; x_wconf 88' lang='lat' dir='ltr'>quia</span> <span class='ocrx_word' id='word_1_67' title='bbox 2196 1586 2489 1654; x_wconf 87' lang='lat' dir='ltr'>omnihus</span> 
     </span>
     <span class='ocr_line' id='line_1_11' title="bbox 449 1701 2486 1789; baseline 0.003 -22"><span class='ocrx_word' id='word_1_68' title='bbox 449 1701 751 1788; x_wconf 88' lang='lat' dir='ltr'>prodesse</span> <span class='ocrx_word' id='word_1_69' title='bbox 783 1702 994 1789; x_wconf 91' lang='lat' dir='ltr'>cupio.</span> <span class='ocrx_word' id='word_1_70' title='bbox 1031 1701 1191 1769; x_wconf 89' lang='lat' dir='ltr'>Cum</span> <span class='ocrx_word' id='word_1_71' title='bbox 1224 1701 1470 1770; x_wconf 85' lang='lat' dir='ltr'>videam</span> <span class='ocrx_word' id='word_1_72' title='bbox 1494 1722 1624 1769; x_wconf 88' lang='lat' dir='ltr'>non</span> <span class='ocrx_word' id='word_1_73' title='bbox 1648 1721 1872 1769; x_wconf 89' lang='lat' dir='ltr'>omnes</span> <span class='ocrx_word' id='word_1_74' title='bbox 1895 1701 2209 1789; x_wconf 86' lang='lat' dir='ltr'>principes</span> <span class='ocrx_word' id='word_1_75' title='bbox 2237 1701 2486 1786; x_wconf 82' lang='lat' dir='ltr'>adesse,</span> 
     </span>
     <span class='ocr_line' id='line_1_12' title="bbox 449 1817 2491 1906; baseline 0.001 -22"><span class='ocrx_word' id='word_1_76' title='bbox 449 1837 720 1902; x_wconf 89' lang='lat' dir='ltr'>quorum</span> <span class='ocrx_word' id='word_1_77' title='bbox 769 1837 1022 1905; x_wconf 90' lang='lat' dir='ltr'>quoque</span> <span class='ocrx_word' id='word_1_78' title='bbox 1065 1817 1394 1906; x_wconf 87' lang='lat' dir='ltr'>prudentia</span> <span class='ocrx_word' id='word_1_79' title='bbox 1439 1828 1504 1885; x_wconf 89' lang='lat' dir='ltr'>et</span> <span class='ocrx_word' id='word_1_80' title='bbox 1547 1817 1866 1904; x_wconf 81' lang='lat' dir='ltr'>diligentia</span> <span class='ocrx_word' id='word_1_81' title='bbox 1913 1838 2016 1886; x_wconf 89' lang='lat' dir='ltr'>res</span> <span class='ocrx_word' id='word_1_82' title='bbox 2062 1817 2241 1905; x_wconf 82' lang='lat' dir='ltr'>regni</span> <span class='ocrx_word' id='word_1_83' title='bbox 2286 1819 2491 1886; x_wconf 88' lang='lat' dir='ltr'>admi-</span> 
     </span>
     <span class='ocr_line' id='line_1_13' title="bbox 449 1934 2488 2023; baseline 0 -22"><span class='ocrx_word' id='word_1_84' title='bbox 449 1934 700 2002; x_wconf 90' lang='lat' dir='ltr'>nistrari</span> <span class='ocrx_word' id='word_1_85' title='bbox 745 1936 1028 2018; x_wconf 87' lang='lat' dir='ltr'>valeant,</span> <span class='ocrx_word' id='word_1_86' title='bbox 1081 1936 1239 2004; x_wconf 87' lang='lat' dir='ltr'>ratio</span> <span class='ocrx_word' id='word_1_87' title='bbox 1291 1934 1596 2023; x_wconf 87' lang='lat' dir='ltr'>querendi</span> <span class='ocrx_word' id='word_1_88' title='bbox 1641 1935 1845 2023; x_wconf 78' lang='lat' dir='ltr'>regis,</span> <span class='ocrx_word' id='word_1_89' title='bbox 1899 1947 1969 2002; x_wconf 85' lang='lat' dir='ltr'>ut</span> <span class='ocrx_word' id='word_1_90' title='bbox 2013 1935 2166 2003; x_wconf 89' lang='lat' dir='ltr'>mihi</span> <span class='ocrx_word' id='word_1_91' title='bbox 2211 1937 2488 2016; x_wconf 84' lang='lat' dir='ltr'>videtur,</span> 
     </span>
     <span class='ocr_line' id='line_1_14' title="bbox 451 2049 2495 2136; baseline 0 -20"><span class='ocrx_word' id='word_1_92' title='bbox 451 2049 530 2116; x_wconf 89' lang='lat' dir='ltr'>ad</span> <span class='ocrx_word' id='word_1_93' title='bbox 560 2057 812 2136; x_wconf 87' lang='lat' dir='ltr'>tempus</span> <span class='ocrx_word' id='word_1_94' title='bbox 843 2049 1188 2117; x_wconf 84' lang='lat' dir='ltr'>differenda</span> <span class='ocrx_word' id='word_1_95' title='bbox 1226 2059 1356 2131; x_wconf 87' lang='lat' dir='ltr'>est,</span> <span class='ocrx_word' id='word_1_96' title='bbox 1399 2058 1504 2125; x_wconf 90' lang='lat' dir='ltr'>ut,</span> <span class='ocrx_word' id='word_1_97' title='bbox 1549 2058 1784 2116; x_wconf 85' lang='lat' dir='ltr'>statuto</span> <span class='ocrx_word' id='word_1_98' title='bbox 1816 2059 2126 2136; x_wconf 80' lang='lat' dir='ltr'>tempore,</span> <span class='ocrx_word' id='word_1_99' title='bbox 2169 2061 2233 2118; x_wconf 88' lang='lat' dir='ltr'>et</span> <span class='ocrx_word' id='word_1_100' title='bbox 2270 2069 2495 2118; x_wconf 89' lang='lat' dir='ltr'>omnes</span> 
     </span>
     <span class='ocr_line' id='line_1_15' title="bbox 452 2161 2497 2250; baseline 0.001 -20"><span class='ocrx_word' id='word_1_101' title='bbox 452 2165 517 2230; x_wconf 90' lang='lat' dir='ltr'>in</span> <span class='ocrx_word' id='word_1_102' title='bbox 576 2183 777 2230; x_wconf 89' lang='lat' dir='ltr'>unum</span> <span class='ocrx_word' id='word_1_103' title='bbox 834 2163 1188 2245; x_wconf 85' lang='lat' dir='ltr'>confluant,</span> <span class='ocrx_word' id='word_1_104' title='bbox 1239 2174 1303 2234; x_wconf 88' lang='lat' dir='ltr'>et</span> <span class='ocrx_word' id='word_1_105' title='bbox 1346 2163 1536 2231; x_wconf 88' lang='lat' dir='ltr'>unius</span> <span class='ocrx_word' id='word_1_106' title='bbox 1583 2161 1887 2250; x_wconf 91' lang='lat' dir='ltr'>cujusque</span> <span class='ocrx_word' id='word_1_107' title='bbox 1931 2163 2089 2231; x_wconf 87' lang='lat' dir='ltr'>ratio</span> <span class='ocrx_word' id='word_1_108' title='bbox 2135 2163 2383 2232; x_wconf 87' lang='lat' dir='ltr'>elimata</span> <span class='ocrx_word' id='word_1_109' title='bbox 2434 2176 2497 2233; x_wconf 90' lang='lat' dir='ltr'>et</span> 
     </span>
     <span class='ocr_line' id='line_1_16' title="bbox 452 2279 2497 2367; baseline 0.001 -21"><span class='ocrx_word' id='word_1_110' title='bbox 452 2280 518 2348; x_wconf 92' lang='lat' dir='ltr'>in</span> <span class='ocrx_word' id='word_1_111' title='bbox 555 2279 835 2347; x_wconf 89' lang='lat' dir='ltr'>medium</span> <span class='ocrx_word' id='word_1_112' title='bbox 885 2281 1125 2367; x_wconf 87' lang='lat' dir='ltr'>prolata</span> <span class='ocrx_word' id='word_1_113' title='bbox 1168 2301 1349 2348; x_wconf 89' lang='lat' dir='ltr'>suam</span> <span class='ocrx_word' id='word_1_114' title='bbox 1398 2279 1729 2347; x_wconf 83' lang='lat' dir='ltr'>utilitatem</span> <span class='ocrx_word' id='word_1_115' title='bbox 1772 2279 2231 2347; x_wconf 87' lang='lat' dir='ltr'>accommodet.</span> <span class='ocrx_word' id='word_1_116' title='bbox 2280 2305 2312 2344; x_wconf 66' lang='lat' dir='ltr'><strong>n</strong></span> <span class='ocrx_word' id='word_1_117' title='bbox 2370 2279 2497 2348; x_wconf 88' lang='lat' dir='ltr'>Sed</span> 
     </span>
     <span class='ocr_line' id='line_1_17' title="bbox 452 2393 2499 2482; baseline 0 -21"><span class='ocrx_word' id='word_1_118' title='bbox 452 2414 536 2462; x_wconf 92' lang='lat' dir='ltr'>ne</span> <span class='ocrx_word' id='word_1_119' title='bbox 574 2394 716 2481; x_wconf 91' lang='lat' dir='ltr'>quis</span> <span class='ocrx_word' id='word_1_120' title='bbox 753 2414 987 2463; x_wconf 90' lang='lat' dir='ltr'>nomen</span> <span class='ocrx_word' id='word_1_121' title='bbox 1025 2395 1270 2482; x_wconf 84' lang='lat' dir='ltr'>regium</span> <span class='ocrx_word' id='word_1_122' title='bbox 1309 2405 1594 2481; x_wconf 80' lang='lat' dir='ltr'>usurpet,</span> <span class='ocrx_word' id='word_1_123' title='bbox 1624 2414 1847 2462; x_wconf 91' lang='lat' dir='ltr'>omnes</span> <span class='ocrx_word' id='word_1_124' title='bbox 1884 2393 1963 2460; x_wconf 89' lang='lat' dir='ltr'>ad</span> <span class='ocrx_word' id='word_1_125' title='bbox 2002 2393 2365 2481; x_wconf 86' lang='lat' dir='ltr'>Hugonem‚</span> <span class='ocrx_word' id='word_1_126' title='bbox 2402 2405 2499 2462; x_wconf 88' lang='lat' dir='ltr'>ut-</span> 
     </span>
     <span class='ocr_line' id='line_1_18' title="bbox 455 2509 2497 2598; baseline 0 -20"><span class='ocrx_word' id='word_1_127' title='bbox 455 2521 602 2598; x_wconf 91' lang='lat' dir='ltr'>pote</span> <span class='ocrx_word' id='word_1_128' title='bbox 639 2510 746 2598; x_wconf 90' lang='lat' dir='ltr'>qui</span> <span class='ocrx_word' id='word_1_129' title='bbox 783 2509 1033 2578; x_wconf 86' lang='lat' dir='ltr'>interim</span> <span class='ocrx_word' id='word_1_130' title='bbox 1069 2511 1307 2598; x_wconf 83' lang='lat' dir='ltr'>regiam</span> <span class='ocrx_word' id='word_1_131' title='bbox 1346 2510 1779 2578; x_wconf 86' lang='lat' dir='ltr'>auctoritatem</span> <span class='ocrx_word' id='word_1_132' title='bbox 1817 2520 2059 2584; x_wconf 86' lang='lat' dir='ltr'>teneat,</span> <span class='ocrx_word' id='word_1_133' title='bbox 2103 2521 2497 2578; x_wconf 87' lang='lat' dir='ltr'>sacramento</span> 
     </span>
     <span class='ocr_line' id='line_1_19' title="bbox 461 2622 2500 2712; baseline 0 -22"><span class='ocrx_word' id='word_1_134' title='bbox 461 2624 674 2711; x_wconf 85' lang='lat' dir='ltr'>adigit.</span> <span class='ocrx_word' id='word_1_135' title='bbox 726 2648 757 2686; x_wconf 87' lang='lat'>‹</span> <span class='ocrx_word' id='word_1_136' title='bbox 799 2623 980 2692; x_wconf 91' lang='lat' dir='ltr'>Unde</span> <span class='ocrx_word' id='word_1_137' title='bbox 1017 2635 1082 2692; x_wconf 88' lang='lat' dir='ltr'>et</span> <span class='ocrx_word' id='word_1_138' title='bbox 1115 2624 1328 2706; x_wconf 82' lang='lat' dir='ltr'>vobiS‚</span> <span class='ocrx_word' id='word_1_139' title='bbox 1370 2622 1477 2711; x_wconf 90' lang='lat' dir='ltr'>qui</span> <span class='ocrx_word' id='word_1_140' title='bbox 1513 2623 1618 2691; x_wconf 89' lang='lat' dir='ltr'>hic</span> <span class='ocrx_word' id='word_1_141' title='bbox 1652 2623 2002 2691; x_wconf 87' lang='lat' dir='ltr'>consulturi</span> <span class='ocrx_word' id='word_1_142' title='bbox 2048 2623 2313 2700; x_wconf 80' lang='lat' dir='ltr'>adestis,</span> <span class='ocrx_word' id='word_1_143' title='bbox 2361 2623 2500 2712; x_wconf 85' lang='lat' dir='ltr'>pla·-</span> 
     </span>
     <span class='ocr_line' id='line_1_20' title="bbox 465 2735 2499 2823; baseline 0 -21"><span class='ocrx_word' id='word_1_144' title='bbox 465 2746 628 2809; x_wconf 85' lang='lat' dir='ltr'>ceat.</span> <span class='ocrx_word' id='word_1_145' title='bbox 696 2755 811 2804; x_wconf 89' lang='lat' dir='ltr'>vos</span> <span class='ocrx_word' id='word_1_146' title='bbox 865 2755 1118 2804; x_wconf 88' lang='lat' dir='ltr'>mecum</span> <span class='ocrx_word' id='word_1_147' title='bbox 1180 2756 1412 2823; x_wconf 85' lang='lat' dir='ltr'>magno</span> <span class='ocrx_word' id='word_1_148' title='bbox 1462 2735 1609 2805; x_wconf 90' lang='lat' dir='ltr'>duci</span> <span class='ocrx_word' id='word_1_149' title='bbox 1670 2746 2067 2804; x_wconf 85' lang='lat' dir='ltr'>sacramento</span> <span class='ocrx_word' id='word_1_150' title='bbox 2130 2735 2369 2823; x_wconf 84' lang='lat' dir='ltr'>alligari</span> <span class='ocrx_word' id='word_1_151' title='bbox 2436 2746 2499 2806; x_wconf 88' lang='lat' dir='ltr'>et</span> 
     </span>
     <span class='ocr_line' id='line_1_21' title="bbox 463 2853 2499 2942; baseline 0 -22"><span class='ocrx_word' id='word_1_152' title='bbox 463 2873 672 2921; x_wconf 88' lang='lat' dir='ltr'>coram</span> <span class='ocrx_word' id='word_1_153' title='bbox 729 2854 1044 2942; x_wconf 86' lang='lat' dir='ltr'>spondere</span> <span class='ocrx_word' id='word_1_154' title='bbox 1101 2854 1180 2923; x_wconf 93' lang='lat' dir='ltr'>de</span> <span class='ocrx_word' id='word_1_155' title='bbox 1224 2854 1505 2942; x_wconf 83' lang='lat' dir='ltr'>principe</span> <span class='ocrx_word' id='word_1_156' title='bbox 1553 2855 1887 2922; x_wconf 88' lang='lat' dir='ltr'>statuendo</span> <span class='ocrx_word' id='word_1_157' title='bbox 1924 2874 2039 2922; x_wconf 91' lang='lat' dir='ltr'>vos</span> <span class='ocrx_word' id='word_1_158' title='bbox 2079 2853 2232 2920; x_wconf 89' lang='lat' dir='ltr'>nihil</span> <span class='ocrx_word' id='word_1_159' title='bbox 2281 2855 2499 2940; x_wconf 89' lang='lat' dir='ltr'>quesi-</span> 
     </span>
     <span class='ocr_line' id='line_1_22' title="bbox 460 2968 2502 3050; baseline 0.001 -16"><span class='ocrx_word' id='word_1_160' title='bbox 460 2979 640 3037; x_wconf 88' lang='lat' dir='ltr'>turos</span> <span class='ocrx_word' id='word_1_161' title='bbox 667 3022 686 3050; x_wconf 86' lang='lat'><strong>‚</strong></span> <span class='ocrx_word' id='word_1_162' title='bbox 737 2969 894 3037; x_wconf 88' lang='lat' dir='ltr'>nihil</span> <span class='ocrx_word' id='word_1_163' title='bbox 937 2970 1311 3043; x_wconf 86' lang='lat' dir='ltr'>molituros,</span> <span class='ocrx_word' id='word_1_164' title='bbox 1351 2969 1556 3038; x_wconf 92' lang='lat' dir='ltr'>donec</span> <span class='ocrx_word' id='word_1_165' title='bbox 1590 2969 1667 3036; x_wconf 77' lang='lat' dir='ltr'>in</span> <span class='ocrx_word' id='word_1_166' title='bbox 1694 2990 1889 3036; x_wconf 88' lang='lat' dir='ltr'>unum</span> <span class='ocrx_word' id='word_1_167' title='bbox 1931 2969 2264 3037; x_wconf 85' lang='lat' dir='ltr'>redeamus</span> <span class='ocrx_word' id='word_1_168' title='bbox 2302 2979 2366 3036; x_wconf 88' lang='lat' dir='ltr'>et</span> <span class='ocrx_word' id='word_1_169' title='bbox 2410 2968 2502 3036; x_wconf 88' lang='lat' dir='ltr'>sic</span> 
     </span>
     <span class='ocr_line' id='line_1_23' title="bbox 461 3083 2500 3174; baseline 0.001 -23"><span class='ocrx_word' id='word_1_170' title='bbox 461 3083 542 3152; x_wconf 94' lang='lat' dir='ltr'>de</span> <span class='ocrx_word' id='word_1_171' title='bbox 572 3085 862 3155; x_wconf 86' lang='lat' dir='ltr'>hahendo</span> <span class='ocrx_word' id='word_1_172' title='bbox 899 3087 1179 3174; x_wconf 86' lang='lat' dir='ltr'>principe</span> <span class='ocrx_word' id='word_1_173' title='bbox 1211 3087 1547 3174; x_wconf 86' lang='lat' dir='ltr'>agitemus.</span> <span class='ocrx_word' id='word_1_174' title='bbox 1586 3111 1618 3150; x_wconf 66' lang='lat' dir='ltr'><strong>n</strong></span> <span class='ocrx_word' id='word_1_175' title='bbox 1659 3085 1811 3152; x_wconf 84' lang='lat' dir='ltr'>Haec</span> <span class='ocrx_word' id='word_1_176' title='bbox 1847 3083 2154 3152; x_wconf 83' lang='lat' dir='ltr'>sententia</span> <span class='ocrx_word' id='word_1_177' title='bbox 2188 3086 2267 3152; x_wconf 88' lang='lat' dir='ltr'>ab</span> <span class='ocrx_word' id='word_1_178' title='bbox 2300 3085 2500 3154; x_wconf 88' lang='lat' dir='ltr'>omni-</span> 
     </span>
     <span class='ocr_line' id='line_1_24' title="bbox 461 3199 2367 3290; baseline -0.001 -22"><span class='ocrx_word' id='word_1_179' title='bbox 461 3201 584 3268; x_wconf 88' lang='lat' dir='ltr'>hus</span> <span class='ocrx_word' id='word_1_180' title='bbox 620 3201 932 3270; x_wconf 87' lang='lat' dir='ltr'>laudatur.</span> <span class='ocrx_word' id='word_1_181' title='bbox 973 3201 1275 3271; x_wconf 90' lang='lat' dir='ltr'>Placitum</span> <span class='ocrx_word' id='word_1_182' title='bbox 1313 3201 1598 3268; x_wconf 90' lang='lat' dir='ltr'>indicunt</span> <span class='ocrx_word' id='word_1_183' title='bbox 1627 3200 1691 3268; x_wconf 88' lang='lat' dir='ltr'>in</span> <span class='ocrx_word' id='word_1_184' title='bbox 1729 3200 2030 3268; x_wconf 87' lang='lat' dir='ltr'>kalendas</span> <span class='ocrx_word' id='word_1_185' title='bbox 2062 3199 2219 3287; x_wconf 91' lang='lat' dir='ltr'>junii</span> <span class='ocrx_word' id='word_1_186' title='bbox 2256 3199 2367 3290; x_wconf 83' lang='lat' dir='ltr'>(l).</span> 
     </span>
     <span class='ocr_line' id='line_1_25' title="bbox 544 3315 2498 3405; baseline 0.001 -23"><span class='ocrx_word' id='word_1_187' title='bbox 544 3315 788 3386; x_wconf 79' lang='lat' dir='ltr'>Interea</span> <span class='ocrx_word' id='word_1_188' title='bbox 801 3317 1084 3400; x_wconf 70' lang='lat' dir='ltr'>Carolus,</span> <span class='ocrx_word' id='word_1_189' title='bbox 1105 3318 1374 3388; x_wconf 87' lang='lat' dir='ltr'>Lotharii</span> <span class='ocrx_word' id='word_1_190' title='bbox 1389 3317 1559 3405; x_wconf 83' lang='lat' dir='ltr'>regis</span> <span class='ocrx_word' id='word_1_191' title='bbox 1575 3319 1786 3400; x_wconf 82' lang='lat' dir='ltr'>frater,</span> <span class='ocrx_word' id='word_1_192' title='bbox 1802 3317 2019 3386; x_wconf 90' lang='lat' dir='ltr'>Remis</span> <span class='ocrx_word' id='word_1_193' title='bbox 2037 3316 2498 3386; x_wconf 85' lang='lat' dir='ltr'>Adalberonem</span> 
     </span>
    </p>
   </div>
   <div class='ocr_carea' id='block_1_3' title="bbox 345 3429 2499 3520">
    <p class='ocr_par' dir='ltr' id='par_1_3' title="bbox 345 3429 2499 3520">
     <span class='ocr_line' id='line_1_26' title="bbox 345 3429 2499 3520; baseline 0 -23"><span class='ocrx_word' id='word_1_194' title='bbox 345 3457 350 3462; x_wconf 93' lang='lat'><strong>·</strong></span> <span class='ocrx_word' id='word_1_195' title='bbox 462 3430 629 3513; x_wconf 86' lang='lat' dir='ltr'>adit,</span> <span class='ocrx_word' id='word_1_196' title='bbox 661 3442 848 3519; x_wconf 83' lang='lat' dir='ltr'>atque</span> <span class='ocrx_word' id='word_1_197' title='bbox 880 3433 966 3500; x_wconf 84' lang='lat' dir='ltr'>ita</span> <span class='ocrx_word' id='word_1_198' title='bbox 999 3431 1286 3520; x_wconf 84' lang='lat' dir='ltr'>supplex,</span> <span class='ocrx_word' id='word_1_199' title='bbox 1323 3430 1673 3500; x_wconf 89' lang='lat' dir='ltr'>secundum</span> <span class='ocrx_word' id='word_1_200' title='bbox 1708 3429 2100 3509; x_wconf 87' lang='lat' dir='ltr'>Richerium,</span> <span class='ocrx_word' id='word_1_201' title='bbox 2138 3430 2499 3518; x_wconf 85' lang='lat' dir='ltr'>alloquitur.</span> 
     </span>
    </p>
   </div>
   <div class='ocr_carea' id='block_1_4' title="bbox 466 3544 2504 3749">
    <p class='ocr_par' dir='ltr' id='par_1_4' title="bbox 466 3544 2504 3749">
     <span class='ocr_line' id='line_1_27' title="bbox 474 3544 2504 3633; baseline 0.002 -26"><span class='ocrx_word' id='word_1_202' title='bbox 474 3569 505 3607; x_wconf 86' lang='lat'>‹</span> <span class='ocrx_word' id='word_1_203' title='bbox 545 3544 854 3614; x_wconf 88' lang='lat' dir='ltr'>Omnibus</span> <span class='ocrx_word' id='word_1_204' title='bbox 887 3557 1105 3615; x_wconf 90' lang='lat' dir='ltr'>notum</span> <span class='ocrx_word' id='word_1_205' title='bbox 1146 3555 1275 3623; x_wconf 87' lang='lat' dir='ltr'>est,</span> <span class='ocrx_word' id='word_1_206' title='bbox 1311 3555 1488 3633; x_wconf 85' lang='lat' dir='ltr'>pater</span> <span class='ocrx_word' id='word_1_207' title='bbox 1524 3544 1913 3627; x_wconf 82' lang='lat' dir='ltr'>venerande,</span> <span class='ocrx_word' id='word_1_208' title='bbox 1951 3544 2091 3631; x_wconf 88' lang='lat' dir='ltr'>jure</span> <span class='ocrx_word' id='word_1_209' title='bbox 2127 3544 2504 3612; x_wconf 87' lang='lat' dir='ltr'>hereditario</span> 
     </span>
     <span class='ocr_line' id='line_1_28' title="bbox 466 3659 2504 3749; baseline 0 -22"><span class='ocrx_word' id='word_1_210' title='bbox 466 3661 698 3730; x_wconf 90' lang='lat' dir='ltr'>debere</span> <span class='ocrx_word' id='word_1_211' title='bbox 728 3661 903 3730; x_wconf 80' lang='lat' dir='ltr'>fratri</span> <span class='ocrx_word' id='word_1_212' title='bbox 923 3672 987 3730; x_wconf 87' lang='lat' dir='ltr'>et</span> <span class='ocrx_word' id='word_1_213' title='bbox 1016 3661 1230 3749; x_wconf 85' lang='lat' dir='ltr'>nepoti</span> <span class='ocrx_word' id='word_1_214' title='bbox 1254 3681 1354 3729; x_wconf 90' lang='lat' dir='ltr'>me</span> <span class='ocrx_word' id='word_1_215' title='bbox 1387 3661 1840 3729; x_wconf 71' lang='lat' dir='ltr'>succedere...</span> <span class='ocrx_word' id='word_1_216' title='bbox 1873 3661 1999 3728; x_wconf 89' lang='lat' dir='ltr'>Cur</span> <span class='ocrx_word' id='word_1_217' title='bbox 2036 3680 2189 3748; x_wconf 88' lang='lat' dir='ltr'>ergo</span> <span class='ocrx_word' id='word_1_218' title='bbox 2216 3681 2250 3727; x_wconf 89' lang='lat' dir='ltr'>a</span> <span class='ocrx_word' id='word_1_219' title='bbox 2274 3659 2504 3727; x_wconf 85' lang='lat' dir='ltr'>finibus</span> 
     </span>
    </p>
   </div>
   <div class='ocr_carea' id='block_1_5' title="bbox 543 3892 2257 4043">
    <p class='ocr_par' dir='ltr' id='par_1_5' title="bbox 543 3892 2257 4043">
     <span class='ocr_line' id='line_1_29' title="bbox 543 3892 1396 3965; baseline -0.002 -17"><span class='ocrx_word' id='word_1_220' title='bbox 543 3893 617 3965; x_wconf 87' lang='lat'>(1)</span> <span class='ocrx_word' id='word_1_221' title='bbox 642 3893 944 3959; x_wconf 79' lang='lat' dir='ltr'>RicheriuS,</span> <span class='ocrx_word' id='word_1_222' title='bbox 976 3892 1066 3950; x_wconf 90' lang='lat' dir='ltr'>lib.</span> <span class='ocrx_word' id='word_1_223' title='bbox 1095 3907 1168 3957; x_wconf 88' lang='lat' dir='ltr'>lv,</span> <span class='ocrx_word' id='word_1_224' title='bbox 1202 3908 1310 3963; x_wconf 90' lang='lat' dir='ltr'>cap.</span> <span class='ocrx_word' id='word_1_225' title='bbox 1345 3892 1396 3947; x_wconf 89' lang='lat'>8.</span> 
     </span>
     <span class='ocr_line' id='line_1_30' title="bbox 2195 3983 2257 4043; baseline 0 -37"><span class='ocrx_word' id='word_1_226' title='bbox 2195 3983 2257 4043; x_wconf 41' lang='grc' dir='ltr'>Ξ*</span> 
     </span>
    </p>
   </div>
  </div>
 </body>
</html>
