3100 4792
1483 471 1569 542 55

497 638 676 707 sactis
715 649 924 708 autem
963 649 1220 728 negant.
1265 660 1300 701 »
1344 635 1682 705 Pontifices
1718 634 2051 703 defunctos
2088 645 2152 704 et
2183 635 2372 705 etiam
2406 659 2541 707 ma·

497 765 660 821 trem
689 753 890 841 ipsam
916 753 1244 822 ecclesiam
1269 734 1624 829 romanamss
1654 749 2050 817 contumeliis
2076 752 2322 818 onerari
2347 754 2542 821 vehe-

498 881 743 939 menter
779 870 1162 959 indignatur.
1213 894 1244 932 ‹
1282 869 1423 937 Non
1463 888 1617 956 ergo
1650 888 1727 935 ex
1761 867 1866 954 pio
1899 867 2091 936 corde
2127 868 2225 936 vel
2264 890 2374 937 ore
2412 880 2539 937 tam

497 987 756 1074 profana
788 997 1040 1074 tamque
1070 1005 1366 1076 perversa
1404 994 1623 1052 contra
1660 1002 1987 1050 romanam
2025 983 2354 1051 ecclesiam
2393 1004 2541 1072 pro-

498 1111 849 1168 cesserunt.
890 1100 1335 1168 Verumtamen
1381 1098 1436 1167 si
1479 1107 1686 1166 vestra
1725 1097 1978 1164 fuerunt
2012 1097 2236 1179 verba,
2290 1119 2429 1186 quae
2474 1098 2540 1165 in

499 1212 801 1302 despectu
851 1213 1014 1282 beati
1069 1212 1234 1281 Petri
1285 1211 1715 1302 apostolorum
1762 1210 2094 1298 principis,
2144 1211 2342 1280 immo
2385 1213 2533 1289 Dei,

499 1329 679 1418 cujus
727 1331 1102 1399 ordinationi
1151 1329 1481 1411 resistitiS‚
1531 1327 1764 1416 scripta
1817 1335 1880 1395 et
1924 1326 2103 1414 quasi
2150 1327 2539 1400 detrahentia

499 1447 987 1515 sacratissimam
1019 1446 1346 1515 ecclesiam
1383 1444 1732 1532 composita
1763 1442 2181 1515 sunt.·sateor
2202 1497 2217 1518 ‚
2253 1465 2383 1513 non
2421 1466 2538 1514 vos

499 1563 780 1632 studiose
827 1583 1038 1631 sacras
1087 1562 1370 1650 regulas,
1425 1581 1557 1628 non
1606 1558 2105 1628 venerandarum
2152 1560 2536 1648 synodorum

499 1677 808 1752 actiones,
847 1699 975 1746 non
1007 1698 1264 1746 veraces
1295 1675 1711 1765 probabilium
1743 1674 2023 1743 virorum
2061 1695 2337 1744 canones
2368 1677 2537 1746 lecti-

497 1806 702 1876 tasse,
745 1795 997 1883 quando
1034 1807 1201 1863 tanta
1243 1793 1450 1863 conati
1499 1792 1652 1862 estis
1696 1792 1762 1859 in
1810 1792 2218 1880 derogatione
2258 1813 2537 1863 romanae

497 1913 777 1981 ecclesiae
812 1913 1112 1994 inutiliter
1155 1924 1340 2000 atque
1382 1913 1883 1999 incompetenter
1916 1932 2294 1982 memorare.
2343 1914 2536 1982 Deni-

497 2051 622 2118 que
657 2033 711 2100 si
750 2032 981 2113 cham,
1032 2032 1198 2100 filius
1238 2033 1408 2114 Noe,
1452 2031 1675 2099 videns
1716 2031 1988 2099 verenda
2025 2031 2251 2118 patris,
2303 2033 2526 2112 irrisit,

497 2162 617 2210 nec
647 2143 916 2230 operuit,
943 2143 1443 2211 maledictionem
1474 2151 1841 2230 perpetuam
1870 2142 2227 2230 percepisse
2256 2144 2527 2232 legitur:

498 2268 732 2344 quanto
769 2257 978 2346 potius
1010 2259 1112 2341 hi,
1154 2259 1260 2346 qui
1296 2268 1507 2346 patres
1545 2257 1900 2345 spirituales
1935 2277 2064 2325 non
2104 2258 2308 2326 solum
2343 2259 2533 2328 mini-

493 2391 598 2439 me
631 2371 1034 2460 cooperiunt.
1078 2372 1192 2440 sed
1219 2381 1282 2440 et
1312 2371 1656 2440 deridendo
1689 2382 1751 2439 et
1781 2370 1937 2439 falso
1975 2371 2054 2438 ad
2086 2372 2533 2444 subsannatio-

494 2506 638 2554 nem
657 2487 755 2554 sui
770 2487 964 2556 moris
981 2487 1270 2555 homines
1288 2486 1675 2574 provocant?
1689 2485 2003 2574 Scriptum
2019 2485 2247 2574 quippe
2264 2499 2362 2556 est
2381 2509 2397 2556 ε
2418 2490 2534 2578 qui

491 2599 839 2668 subsannat
847 2609 1106 2689 patrem
1125 2608 1184 2668 et
1203 2608 1479 2668 matrem
1499 2610 1563 2668 et
1585 2599 1847 2687 reliqua.
1866 2625 1898 2664 x·
1922 2598 2175 2668 Ordinis
2190 2600 2453 2688 legitimi
2470 2615 2535 2672 et

493 2716 862 2786 obedientiae
897 2719 1336 2799 immemores,
1379 2719 1736 2806 exemplum
1769 2718 2073 2788 Arnulsus
2110 2731 2172 2787 et
2210 2720 2365 2789 socii
2395 2721 2535 2789 imi-

493 2828 601 2894 tati
653 2841 800 2896 sunt
851 2829 1134 2899 Dioscori
1187 2830 1555 2918 cujusdam,
1599 2831 2002 2899 Alexandrini
2043 2833 2527 2923 archiepiscopi,

501 2966 532 3004 ‹
593 2942 700 3030 qui
754 2945 1137 3033 presumpsit
1197 2957 1415 3014 contra
1466 2947 1743 3015 Leonem
1797 2947 2154 3033 pontificem
2204 2958 2268 3018 et
2314 2961 2532 3019 contra

493 3083 820 3131 romanam
851 3064 1182 3133 ecclesiam
1213 3065 1523 3148 scribere;
1566 3065 1679 3133 sed
1729 3065 1794 3134 in
1831 3077 2075 3133 tantum
2109 3067 2531 3156 presumptio-

492 3196 636 3243 nem
689 3177 890 3245 sancti
942 3188 1150 3266 patres
1198 3178 1369 3266 apud
1410 3179 1849 3247 Calcedoniam
1899 3180 2188 3249 detestati
2231 3193 2413 3264 sunt,
2463 3194 2533 3250 ut

491 3289 630 3358 sine
667 3291 792 3358 ulla
829 3292 1221 3362 restitutione
1255 3314 1403 3362 eum
1437 3293 1874 3382 dampnarent.
1926 3295 2006 3362 Et
2048 3296 2284 3364 nullam
2320 3297 2532 3386 inqui-

491 3406 785 3476 sitionem
807 3407 1114 3491 fecerunt,
1145 3421 1353 3475 utrum
1366 3409 1536 3497 Juste
1570 3429 1647 3476 an
1677 3409 1908 3496 injuste
1930 3411 2027 3478 vel
2061 3431 2312 3498 quoque
2341 3413 2533 3482 modo

485 3520 616 3606 jam
655 3522 849 3589 satum
884 3520 1256 3590 Dioscorum
1297 3533 1512 3590 contra
1553 3543 1879 3591 romanam
1918 3524 2248 3592 ecclesiam
2296 3526 2533 3596 dictas-

492 3645 622 3714 set3
665 3635 792 3704 sed·
826 3635 1065 3722 absque
1102 3636 1275 3704 omni
1329 3637 1757 3707 controversia
1799 3638 1923 3708 hoc
1969 3639 2033 3706 in
2070 3660 2149 3708 eo
2194 3641 2309 3707 ulti
2345 3652 2526 3724 sunt,

492 3749 660 3836 quia.
705 3771 850 3818 cum
888 3763 1059 3821 esset
1095 3752 1377 3834 inferior,
1419 3774 1536 3822 suo
1575 3753 1782 3842 priore
1819 3765 1883 3823 et
1917 3756 2286 3845 magistrum
2334 3778 2530 3826 cona-

494 3876 596 3933 tus
627 3876 725 3934 est
754 3867 1064 3937 lacessere
1097 3869 1517 3939 contumeliis.
1560 3869 1902 3940 Voluerunt
1931 3891 2159 3960 nempe
2180 3925 2198 3955 ‚
2233 3873 2298 3940 in
2339 3873 2529 3942 domo
