3100 4792
1584 484 1669 554 52

696 651 917 718 Utrum
957 651 1185 718 salsum
1221 670 1300 718 an
1341 670 1596 733 verum,
1638 649 1941 738 quidquid
1977 650 2042 719 id
2080 650 2291 733 suerit,
2333 672 2370 719 a
2406 653 2649 739 synodo

605 769 870 853 indicta,
912 768 1081 858 regis
1109 768 1292 858 jussu
1314 820 1333 851 ,
1383 788 1609 837 omnes
1646 768 1858 836 Galliae
1902 768 2183 857 episcopi
2229 769 2646 838 declinarunt.

608 887 904 955 Germani
951 906 1102 955 vero
1148 910 1178 949 ι
1219 906 1301 954 ne
1345 885 1471 954 doli
1518 896 1934 973 arguerentur
1970 886 2024 953 si
2068 905 2198 953 non
2242 883 2646 966 accederent,

607 1010 843 1068 statuto
875 1011 1159 1087 tempore
1189 999 1544 1068 Mosomum
1579 998 1986 1081 conveniunt,
2015 998 2232 1067 domni
2264 998 2447 1086 Papae
2478 998 2649 1085 lega·

604 1128 740 1184 tum
787 1135 1004 1183 secum
1042 1115 1370 1182 habentes.
1419 1139 1449 1178 »
1505 1113 1595 1180 lbi
1636 1115 1811 1182 solus
1850 1113 2045 1182 adfuit
2082 1113 2425 1181 Gerbertus
2470 1137 2501 1175 ‹
2544 1132 2650 1180 re·-

605 1231 792 1319 gibus
829 1230 1017 1299 etiam
1053 1229 1608 1312 interdicentibus,
1649 1250 1765 1317 pro
1802 1251 1873 1298 se
1918 1248 2367 1317 responsurus.
2414 1253 2445 1291 ι
2493 1229 2650 1296 Pro-

607 1357 816 1416 motor
845 1345 1259 1416 virdunensis
1289 1345 1626 1433 episcopus
1666 1370 1696 1409 ι
1738 1365 1817 1414 eo
1848 1346 2018 1433 quod
2048 1346 2329 1433 linguam
2363 1343 2647 1432 gallicam

606 1475 792 1531 norat
827 1488 860 1527 »
898 1482 1154 1531 causam
1191 1461 1408 1549 paucis
1445 1461 1656 1530 verbis
1688 1481 1833 1529 cum
1870 1460 2295 1548 exposuisset,
2332 1458 2651 1526 Pontificis

608 1581 935 1668 epistolam
969 1581 1251 1650 recitavit
1290 1606 1320 1645 α
1356 1601 1581 1669 quam,
1625 1581 1710 1649 ait
1742 1580 2089 1664 RicheruS,
2126 1580 2295 1668 quod
2327 1580 2471 1668 quia
2501 1581 2652 1648 bre-

607 1695 779 1762 vitati
804 1695 1158 1778 studemus,
1185 1707 1249 1764 et
1284 1697 1470 1764 nobis
1491 1697 1703 1764 minus
1736 1696 1851 1764 fuit
1883 1694 2387 1767 accommodum.
2415 1694 2653 1763 nostris

608 1808 858 1896 scriptis
893 1808 1172 1876 inserere
1207 1809 1541 1877 vitavimus
1578 1811 1695 1897 (l).
1740 1835 1771 1873 x·
1812 1809 1973 1876 Tum
2008 1809 2279 1877 surrexit
2311 1808 2653 1877 Gerbertus

615 1945 648 1984 α
691 1934 877 2010 atque
913 1923 1264 1992 orationem
1297 1943 1412 2011 pro
1449 1945 1520 1993 se
1559 1924 1854 2012 scriptam
1892 1923 1959 1990 in
1996 1923 2263 1991 concilio
2300 1943 2450 1991 mox
2487 1923 2654 1992 reci-

609 2037 792 2118 tavit,
855 2037 1134 2124 satisque
1191 2037 1356 2126 apud
1413 2037 1555 2106 illos
1614 2038 1967 2105 luculenter
2024 2036 2338 2124 peroravit
2404 2035 2545 2124 (2).
2612 2060 2645 2099 ι)

607 2151 748 2233 Quo
808 2164 1093 2241 tempore
1152 2163 1216 2222 et
1271 2153 1593 2241 quomodo
1649 2153 1882 2219 invitus
1940 2152 2177 2220 electus
2228 2151 2309 2220 sit
2360 2162 2641 2234 enarrat,

607 2269 940 2337 Arnull'um
1000 2269 1168 2337 haud
1224 2268 1539 2337 immerito
1596 2267 1866 2355 ejectum
1927 2267 2281 2348 contendit,
2336 2287 2643 2355 supremae

608 2381 778 2449 sedis
809 2381 929 2468 juri
965 2381 1280 2470 indulget,
1321 2402 1528 2470 neque
1564 2381 1710 2450 ideo
1746 2380 2125 2469 palinodiam
2164 2381 2358 2449 canit.

693 2499 898 2568 Nemo
921 2502 1110 2569 verba
1133 2500 1414 2569 Gerberti
1441 2501 1821 2588 redarguere
1853 2499 2137 2587 suscipit.
2176 2498 2473 2587 Episcopi
2494 2518 2646 2567 vero

611 2637 646 2676 «
681 2624 827 2700 post
858 2613 1097 2701 aliquot
1124 2633 1452 2683 sermones
1484 2635 1519 2682 a
1554 2614 1791 2683 domno
1833 2635 1991 2702 papa
2024 2634 2255 2701 corpus
2286 2624 2351 2682 et
2388 2613 2648 2701 sangui·

604 2747 751 2796 nem
791 2729 1074 2810 Domini,
1112 2749 1186 2798 ac
1217 2729 1603 2798 sacerdotale
1634 2730 1911 2798 officium
1944 2730 2064 2798 sub
2097 2729 2428 2816 praesentia
2460 2729 2649 2818 legati

604 2841 937 2928 prohibere
967 2843 1328 2910 voluerunt.
1358 2867 1392 2906 »
1421 2843 1516 2910 Ex
1538 2843 1889 2919 canonibus
1919 2855 1984 2912 et
2014 2843 2283 2911 decretis
2306 2844 2648 2914 Gerbertus

604 2975 825 3043 poenas
890 2967 1143 3025 recusat
1209 2981 1241 3020 α
1315 2958 1427 3026 sed
1478 2979 1561 3026 ne
1618 2959 1855 3027 domno
1913 2978 2089 3046 papae
2150 2959 2412 3028 omnino
2463 2961 2647 3029 reniti

605 3069 946 3154 videretur,
973 3092 1008 3139 a
1030 3072 1370 3140 missarum
1401 3071 1821 3141 celebratione
1852 3092 1995 3141 sese
2028 3083 2417 3141 cessaturum
2444 3094 2648 3161 usque

605 3185 670 3252 in
730 3186 986 3254 alteram
1043 3186 1341 3255 sinodum
1396 3187 1759 3275 spopondit.
1826 3212 1858 3251 x·
1940 3187 2311 3256 Assentiunt
2368 3187 2647 3276 episcopi

605 3312 671 3370 et
705 3301 950 3388 legatus
989 3322 1004 3369 ε
1047 3302 1344 3370 indicitur
1380 3322 1545 3370 nova
1584 3303 1866 3392 synodus
1902 3303 1982 3371 ad
2022 3303 2380 3371 coenobium
2424 3323 2647 3371 mona-

605 3422 870 3489 chorum
923 3421 1123 3489 sancti
1179 3419 1487 3510 Remigii,
1545 3421 1649 3490 die
1706 3433 1929 3491 octavo
1986 3433 2131 3510 post
2185 3421 2393 3490 natale
2448 3420 2646 3490 sancti

603 3535 910 3604 Johannis
949 3536 1241 3625 Baptistae
1281 3536 1392 3626 (5).

677 3725 753 3798 (1)
779 3724 1032 3781 Richerus
1052 3769 1066 3793 ,
1093 3724 1186 3781 lib.
1220 3740 1296 3793 tv,
1328 3743 1438 3800 cap.
1470 3727 1561 3785 99.

681 3817 750 3892 (2)
780 3817 886 3882 Id„
918 3819 1069 3882 ibid„
1104 3837 1214 3893 cap.
1247 3821 1475 3878 99·1o5.

681 3916 752 3989 (3)
781 3916 887 3984 Id„
918 3917 1047 3974 ibid.
1073 3963 1086 3986 ,
1114 3935 1222 3991 cap.
1257 3910 1359 3976 1'06
1389 3920 1585 3975 et107.
