3100 4792
1576 475 1663 545 58

613 676 752 745 quae
791 675 827 722 a
863 652 1044 721 vobis
1083 662 1182 719 est
1216 661 1512 719 venerata
1558 659 1621 717 et
1666 647 1947 730 laudata,
1988 667 2025 715 a
2062 647 2307 718 cunctis
2349 668 2499 716 vero
2542 647 2650 734 qui

611 768 876 838 audiunt
905 765 1240 853 depravata
1273 776 1336 832 et
1366 763 1735 850 vituperata.
1772 761 1928 843 Quis
1958 761 2235 830 fidelium
2265 762 2463 848 aequis
2493 762 2653 829 auri-

606 884 729 950 bus
786 879 1001 948 audire
1053 888 1298 967 potest,
1347 876 1889 964 archiepiscopum
1934 896 2047 964 per
2090 876 2279 944 fidem
2318 876 2652 964 deceptum

605 1008 670 1066 et
728 997 793 1062 in
854 1014 1106 1063 carcere
1158 992 1266 1061 diu
1327 1003 1749 1074 maceratum,
1805 1002 1867 1059 et
1912 991 2003 1059 sic
2051 992 2292 1058 nudum
2330 992 2648 1070 vinctum,

607 1131 753 1178 cum
801 1107 1201 1176 multitudine
1257 1106 1671 1194 strepentium
1716 1104 1983 1172 militum
2029 1105 2106 1171 ad
2143 1105 2453 1193 synodum
2491 1104 2651 1173 duc-

602 1234 766 1306 tnm,
809 1241 940 1290 uno
979 1231 1139 1290 teste
1182 1219 1634 1308 dampnatum?
1679 1218 1836 1300 Quis
1882 1218 2023 1285 talia
2071 1218 2332 1286 audiens
2374 1228 2649 1286 vestram

605 1339 917 1428 synodum
956 1358 1084 1405 non
1122 1336 1479 1404 maledicit?
1515 1345 1639 1403 etc.
1684 1360 1716 1400 »

693 1451 1030 1520 Nescimus
1083 1469 1162 1516 an
1213 1449 1422 1536 legato
1461 1447 1661 1516 Leoni
1700 1448 2003 1515 Arnulfus
2046 1458 2110 1515 et
2150 1446 2491 1516 Gerbertus
2533 1446 2648 1513 ali-

606 1565 758 1653 quid
794 1562 1258 1652 responderint.
1300 1562 1627 1648 Perpauca
1664 1562 1852 1629 etiam
1891 1561 2250 1649 accepimus
2292 1561 2373 1628 de
2410 1561 2651 1649 synodo

607 1677 774 1765 apud
803 1676 1041 1744 Remos
1067 1674 1302 1748 habita.
1331 1674 1439 1746 ubi
1457 1675 1831 1743 Gerbertum
1856 1676 2335 1763 metropolitana
2354 1676 2656 1768 dignitate

608 1789 943 1878 spoliatum
1003 1787 1198 1854 fuisse
1251 1798 1648 1874 compertum
1686 1788 1800 1877 (l).
1845 1791 2137 1856 Attamen
2178 1790 2299 1858 sub
2328 1789 2543 1878 judice
2578 1790 2655 1857 lis

607 1902 874 1984 mansit,
925 1900 1435 1987 quandoquidem
1484 1900 1550 1968 in
1596 1901 1850 1969 Richeri
1906 1902 2145 1970 notitiis
2193 1903 2319 1992 legi
2371 1904 2489 1971 tria
2538 1903 2653 1971 alia

609 2019 905 2101 concilia,
960 2037 1190 2106 nempe
1241 2018 1320 2084 ad
1378 2017 1836 2094 Silvanectum,
1902 2018 1981 2087 ad
2037 2030 2319 2088 montem
2373 2021 2655 2090 Sanctae-

613 2138 860 2218 Mariae,
917 2135 994 2203 ad
1051 2134 1493 2222 Engeleheim.
1550 2135 1812 2203 collecta
1856 2137 2075 2205 fuisse.
2118 2138 2336 2220 Quarti
2384 2139 2654 2227 denique

613 2249 859 2319 concilii
893 2248 972 2316 ad
1003 2247 1339 2316 Causeium
1371 2248 1567 2315 habiti
1600 2262 1735 2316 acta
1768 2270 1803 2316 a
1836 2249 2141 2320 Gerberto
2171 2252 2412 2340 digesta
2444 2252 2643 2334 Pertz,

611 2363 708 2429 vir
742 2361 1182 2443 doctissimus,
1223 2360 1288 2426 in
1339 2360 1546 2428 lucem
1592 2362 1849 2448 protulit
1887 2364 2003 2450 (2).
2060 2365 2383 2452 Episcopi,
2425 2386 2648 2452 quam-

612 2477 708 2545 vis
767 2476 1098 2543 Arnulfum
1159 2475 1327 2543 haud
1385 2476 1701 2545 immerito
1761 2478 2063 2566 dignitate
2120 2480 2451 2568 spoliatum
2508 2501 2651 2548 esse

614 2592 1033 2672 contendant,
1083 2613 1405 2659 summum
1456 2592 1824 2661 Pontificem
1862 2595 2176 2666 lacessere
2210 2598 2554 2682 desistunt,
2590 2614 2653 2669 et

613 2707 914 2795 quidquid
976 2713 1182 2775 actum
1252 2707 1438 2775 suerit
1493 2709 1855 2780 Crescentio
1923 2722 2191 2800 tyranno
2250 2717 2649 2804 exprobrant.
2762 2770 2769 2776 .

622 2847 744 2889 ‹...
780 2823 918 2890 Jam
954 2843 1099 2890 cum
1133 2823 1403 2890 Romam
1438 2834 1695 2891 ventum
1728 2825 1936 2908 suerit,
1971 2848 2100 2896 non
2134 2831 2490 2917 apostolicae
2522 2833 2655 2901 sedi

615 2935 879 3003 liberum
913 2934 1125 3005 licebit
1159 2936 1440 3024 proferre
1469 2935 1794 3024 juditium,
1830 2939 1942 3007 sed
1980 2942 2149 3027 quod
2182 2944 2316 3010 auri
2354 2943 2657 3012 talentum

618 3049 902 3116 obtinere
957 3049 1187 3136 poterit
1244 3048 1409 3136 apud
1463 3049 1929 3134 Crescentium,
1984 3052 2212 3122 diaboli
2271 3058 2654 3128 membrum.

621 3167 760 3232 Non
823 3165 1036 3252 ignota
1092 3165 1434 3252 loquimur.
1499 3166 1697 3256 Regis
1756 3189 1831 3237 ac
1887 3171 2087 3238 nostri
2145 3173 2332 3260 legati
2388 3175 2659 3244 Romam

620 3280 881 3367 profecti
926 3280 1222 3368 epistolas
1270 3281 1549 3367 pontifici
1604 3297 2045 3369 porrexerunt,
2102 3297 2165 3356 et
2215 3290 2294 3357 ab
2343 3312 2419 3359 eo
2468 3293 2659 3381 digne

625 3395 899 3482 suscepti
947 3405 1120 3462 sunt.
1162 3394 1320 3477 Sed,
1371 3407 1443 3463 ut
1490 3397 1839 3476 credimus,
1891 3402 2037 3487 quia
2081 3403 2443 3474 Crescentio
2490 3408 2659 3475 nulla

622 3509 957 3576 manucula
987 3508 1384 3592 obtulerunt,
1408 3530 1522 3597 per
1551 3510 1827 3580 triduum
1862 3533 1894 3582 a
1928 3515 2155 3602 palatio
2192 3518 2443 3596 seclusi,
2486 3520 2661 3588 nullo

695 3771 766 3844 (1)
796 3771 985 3839 Labbe,
1018 3771 1270 3841 Concilia,
1297 3779 1334 3829 t.
1369 3788 1456 3842 lx,
1488 3775 1585 3831 col.
1622 3775 1742 3831 750.

697 3863 768 3936 (2)
797 3863 964 3920 Pertz.
995 3865 1321 3923 Monumenta
1350 3866 1484 3924 Hist.
1517 3869 1751 3925 German.
1777 3912 1790 3936 ,
1816 3875 1855 3925 t.
1890 3884 1981 3938 111,
2006 3888 2055 3943 p.
2090 3874 2215 3932 691.
