3100 4792
1465 448 1546 516 27

492 642 526 681 c<
575 617 716 684 Non
769 617 1136 704 ignoramus
1189 617 1482 686 Carolum
1541 617 1819 686 fautores
1876 637 2028 687 suos
2084 619 2349 701 habere,
2413 619 2519 706 qui

484 751 632 800 eum
679 731 944 819 dignum
990 751 1188 819 regno
1237 752 1315 800 ex
1362 741 1693 820 parentum
1743 733 2074 801 collatione
2113 719 2520 802 contendant.

483 849 608 917 Sed
645 848 700 916 si
736 849 816 917 de
851 850 977 918 hoc
1013 849 1244 937 agitur,
1270 868 1390 918 nec
1425 869 1691 937 regnum
1724 849 1867 936 jure
1887 849 2264 918 hereditario
2297 850 2521 936 adqui-

481 964 672 1046 ritur,
721 984 842 1033 nec
886 963 961 1030 in·
999 985 1268 1052 regnum
1318 965 1788 1052 promovendus
1840 974 1938 1033 est
1989 964 2111 1032 nisi
2156 984 2345 1052 quem
2390 984 2520 1032 non

483 1080 690 1147 solum
728 1078 1010 1167 corporis
1046 1079 1372 1161 nobilitas,
1409 1079 1522 1147 sed
1560 1089 1622 1148 et
1658 1078 1850 1147 animi
1888 1079 2190 1158 sapientia
2222 1080 2515 1161 illustrat,

481 1193 640 1262 fides
671 1192 904 1266 munit.
948 1193 1432 1280 magnanimitas
1463 1193 1670 1261 firmat
1702 1192 1813 1283 (l).
1859 1220 1889 1259 ν
1933 1194 2086 1262 Inde
2126 1193 2191 1260 in
2224 1195 2517 1262 Carolum

480 1306 920 1375 vehementius
975 1326 994 1372 ε
1064 1328 1097 1368 α
1148 1305 1312 1388 Quid
1361 1305 1625 1394 dignum
1672 1307 1896 1375 Carolo
1948 1307 2217 1376 conferri
2269 1317 2515 1395 potest,

481 1443 671 1510 quem
731 1420 886 1489 fides
941 1440 1069 1488 non
1128 1421 1321 1508 regit,
1381 1432 1599 1510 torpor
1653 1432 1945 1504 enervat,
2022 1433 2342 1511 postremo
2410 1422 2519 1509 qui

479 1547 650 1604 tanta
687 1535 908 1624 capitis
943 1534 1383 1604 imminutione
1418 1536 1676 1616 hebuit,
1713 1547 1783 1604 ut
1819 1548 2080 1605 externo
2116 1537 2252 1625 regi
2285 1537 2521 1605 servire

477 1674 606 1722 non
646 1653 961 1724 horruerit
995 1663 1060 1720 et
1091 1673 1353 1722 uxorem
1391 1655 1470 1722 de
1506 1654 1757 1722 militari
1796 1655 2016 1723 ordine
2054 1655 2173 1722 sibi
2211 1656 2517 1742 imparem

479 1770 748 1838 duxerit.
807 1795 838 1834 1·
877 1772 1041 1838 Ante
1093 1770 1304 1838 omnia
1348 1769 1705 1858 reipublicae
1752 1769 1935 1838 saluti
1986 1771 2457 1839 inserviendum
2498 1792 2515 1838 :

487 1906 520 1946 α
559 1883 965 1952 Considerate
1003 1894 1137 1950 rem
1174 1882 1506 1970 diligenter
1542 1893 1606 1950 et
1637 1883 1928 1951 Carolum
1963 1904 2077 1951 sua
2106 1884 2312 1971 magis
2340 1863 2521 1970 culpa

477 1999 930 2087 praecipitatum
983 2019 1172 2084 quam
1220 1998 1421 2066 aliena
1469 1997 1701 2065 videte.
1752 1998 2135 2087 Reipublicae
2180 1998 2519 2066 beatitudi-

477 2133 626 2180 nem
662 2113 865 2202 magis
903 2133 1092 2201 quam
1130 2112 1544 2181 calamitatem
1594 2123 1802 2200 optate
1836 2134 1853 2180 ε
1905 2113 1971 2180 Si
2022 2132 2162 2181 eam
2206 2113 2517 2180 infelicem

475 2229 612 2297 fieri
643 2229 865 2312 vultis,
891 2229 1184 2298 Carolum
1209 2238 1605 2317 promovete;
1645 2228 1710 2296 Si
1749 2229 2151 2311 fortunatam,
2189 2228 2515 2316 egregium

470 2346 704 2415 ducem
736 2347 1074 2434 Hugonem
1109 2347 1173 2414 in
1211 2368 1480 2435 regnum
1512 2356 1833 2416 coronate.
1875 2372 1905 2411 ν
1952 2347 2229 2414 Summis
2260 2345 2515 2413 tandem

475 2459 764 2528 laudibus
789 2461 1024 2528 Ducem
1057 2470 1239 2528 ornat
1274 2480 1292 2527 ε
1343 2483 1374 2523 α
1415 2458 1789 2527 Promovete
1820 2459 2011 2547 igitur
2042 2459 2221 2526 vobis
2255 2445 2511 2540 ducem,

480 2582 660 2655 actu,
722 2573 1082 2656 nobilitate,
1134 2572 1330 2660 copiis
1378 2571 1837 2649 clarissimum,
1893 2591 2081 2658 quem
2127 2591 2257 2638 non
2308 2571 2516 2638 solum

484 2685 572 2754 rei
602 2687 897 2774 publicae,
940 2686 1054 2754 sed
1085 2697 1149 2755 et
1184 2686 1565 2775 privatarum
1599 2707 1810 2756 rerum
1850 2696 2121 2754 tutorem
2154 2686 2508 2754 invenietis.

549 3003 626 3076 (1)
655 3004 731 3062 Cf.
751 3006 894 3077 Apud
915 3005 976 3060 D.
996 3005 1246 3077 Bouquet,
1279 3011 1316 3060 t.
1353 3021 1410 3072 x,
1443 3022 1492 3076 p.
1517 3003 1643 3071 394,
1668 3003 1843 3061 Carolo
1875 3003 1991 3060 duci
2022 3005 2351 3060 Adalderonis
2380 3005 2516 3077 epis-

474 3103 654 3166 tolam,
677 3106 774 3176 qua
801 3104 1089 3176 significare
1107 3103 1307 3159 videtur
1332 3103 1741 3174 archiepiscopus
1762 3109 1885 3160 tunc
1904 3103 1957 3158 in
1980 3121 2079 3160 usu
2100 3103 2259 3160 fuisse
2280 3110 2337 3159 ut
2366 3097 2513 3176 reges

473 3198 637 3252 nostri
680 3214 708 3254 a
749 3199 976 3254 Franciae
1013 3197 1304 3269 proceribus
1341 3197 1667 3267 eligerentur.
1708 3196 1877 3260 Ibid„
1916 3214 1966 3268 p.
2010 3197 2135 3264 627,
2178 3198 2239 3252 D.
2280 3199 2513 3271 Bouquet

473 3294 659 3348 asserit
689 3315 699 3347 :
751 3314 772 3344 α
811 3294 976 3349 Penes
1015 3293 1234 3348 Francos
1270 3299 1392 3348 tunc
1426 3293 1669 3363 temporis
1700 3293 1786 3364 Jus
1824 3297 2063 3348 constans
2099 3293 2257 3350 fuisse
2294 3294 2511 3365 eligendi
2598 3315 2621 3325 ·

475 3400 596 3440 suos
637 3402 800 3457 reges,
825 3409 846 3438 »
894 3387 1038 3442 Hanc
1075 3385 1376 3441 sententiam
1415 3387 1561 3456 plane
1608 3386 1813 3441 firmant
1852 3385 2075 3442 Abbonis
2118 3386 2310 3444 abbatis
2352 3387 2511 3442 canoss

473 3497 586 3536 nes,
617 3481 750 3536 Ibid.
769 3525 781 3544 ,
810 3499 860 3553 p.
891 3481 1016 3537 628.
1059 3501 1081 3532 c<
1109 3481 1233 3536 Tres
1261 3480 1532 3535 electiones
1564 3481 1825 3551 generales
1865 3482 2134 3548 novimuS,
2167 3498 2380 3552 quarum
2410 3499 2511 3537 una

473 3583 553 3632 est
579 3577 712 3648 regis
739 3578 817 3637 vel
845 3576 1190 3648 imperatoriS,
1221 3576 1374 3630 altera
1413 3575 1711 3643 Pontificis,
1756 3576 1902 3631 tertia
1938 3575 2150 3631 abbatiS.
2195 3575 2259 3630 Et
2293 3577 2507 3647 primam

474 3673 676 3745 quidem
703 3673 826 3729 facit
852 3671 1116 3728 concordia
1140 3671 1296 3726 totius
1325 3671 1498 3742 regni;
1528 3673 1803 3728 secundam
1830 3689 1955 3728 vero*
1979 3671 2287 3728 unanimitas
2317 3673 2503 3727 civ-ium
2552 3669 2563 3687 ⁴

473 3775 524 3825 et
551 3771 705 3838 cleri;
737 3771 934 3827 tertiam
967 3770 1140 3826 sanius
1171 3769 1440 3826 concilium
1471 3770 1765 3827 coenobialis
1802 3771 2224 3843 congregationis.
2267 3772 2331 3825 Et
2367 3788 2502 3826 una-

473 3881 684 3938 quaeque
728 3883 830 3921 non
874 3882 962 3936 pro
1008 3862 1250 3920 secularis
1287 3865 1523 3921 amicitiae
1569 3865 1731 3936 gratia
1768 3867 1846 3922 vel
1894 3866 2082 3938 pretio,
2127 3867 2213 3921 sed
2252 3866 2313 3921 ad
2355 3883 2499 3921 suam

471 3963 834 4032 professionem
863 3980 950 4036 pro
983 3962 1224 4034 sapientia
1252 3964 1330 4017 vel
1357 3963 1473 4019 vitae
1499 3964 1696 4019 merito¹
1734 3987 1755 4015 »
