3100 4792
1560 443 1645 514 46

569 611 788 699 pistis‘,
819 611 1035 677 aziam
1083 609 1344 695 anyelus
1379 608 1456 674 de
1497 605 1671 690 caelO,
1729 607 2074 674 anathema
2120 608 2289 675 sit...
2333 608 2517 690 Quod
2564 611 2617 678 si
2658 661 2665 666 -

577 735 906 814 propterea
939 745 1054 793 sua
1086 723 1533 793 communione
1563 743 1685 790 nos
1720 723 2017 810 indignos
2049 723 2244 806 ducit,
2283 726 2423 813 quia
2459 748 2617 796 con-

575 852 674 909 tra
719 841 1110 928 evangelium
1159 839 1468 908 sentiendi
1516 840 1729 906 nullus
1764 851 2055 906 nostrum
2100 842 2448 924 consentit,
2488 865 2619 912 non

575 958 718 1026 ideo
761 979 798 1026 a
835 957 1281 1040 communione
1311 955 1543 1024 Christi
1590 977 1712 1025 nos
1748 976 2039 1045 separare
2083 958 2398 1043 poterit...
2433 959 2616 1040 Quod

577 1073 631 1140 si
671 1073 775 1141 hic
822 1073 929 1160 qui
966 1073 1156 1140 vitam
1209 1071 1441 1139 ademit
1485 1072 1878 1160 corporalem
1919 1071 2017 1139 vel
2072 1072 2217 1155 sibi,
2262 1074 2359 1141 vel
2397 1075 2609 1159 alteri,

575 1190 891 1259 homicida
927 1198 1026 1258 est
1063 1210 1078 1255 :
1113 1188 1218 1256 hic
1239 1187 1347 1275 qui
1371 1187 1513 1268 sibi,
1539 1187 1638 1255 vel
1670 1187 1871 1269 alteri,
1897 1187 2090 1255 vitam
2126 1187 2342 1256 adimit
2378 1191 2615 1278 sempi-

573 1317 844 1389 ternam,
875 1325 1000 1391 quo
1032 1303 1288 1372 nomine
1311 1302 1718 1389 appellandus
1751 1302 1971 1369 est?...
2009 1301 2101 1369 Sit
2130 1303 2233 1369 lex
2256 1305 2613 1372 communis

573 1419 853 1489 ecclesiae
885 1417 1204 1486 catholicae
1233 1415 1667 1502 Evangelium,
1705 1415 1996 1503 apostoli,
2031 1418 2378 1504 prophetae,
2416 1439 2615 1486 cano-

571 1555 688 1603 nes
747 1533 978 1620 Spiritu
1034 1530 1146 1598 Dei
1205 1529 1561 1611 constituti,
1624 1540 1687 1597 et
1738 1529 1931 1596 totius
1980 1529 2203 1597 mundi
2266 1533 2611 1599 reverentia

573 1647 956 1728 consecrati,
1001 1646 1250 1712 decreta
1302 1644 1472 1712 sedis
1517 1645 1876 1731 apostolicae
1927 1645 2007 1712 ab
2052 1644 2151 1711 his
2187 1665 2315 1712 non
2364 1646 2612 1715 discor-

571 1764 778 1832 dantia
827 1785 844 1830 :
898 1775 961 1831 et
1005 1761 1111 1849 qui
1158 1781 1271 1848 per
1321 1770 1751 1848 contemptum
1802 1760 1883 1827 ab
1929 1760 2030 1827 his
2075 1760 2448 1845 deviaverit,
2497 1785 2613 1851 per

567 1873 718 1946 haec‘
742 1877 1082 1966 judicetur,
1117 1895 1230 1963 per
1268 1875 1405 1943 haec
1440 1874 1787 1962 abjiciatur.
1816 1874 2001 1942 Petro
2032 1876 2169 1942 haec
2206 1877 2503 1960 servanti,
2546 1889 2610 1946 et

568 2013 684 2080 pro
717 1991 955 2059 viribus
988 1989 1355 2077 exequenti,
1393 1989 1476 2056 sit
1512 2009 1633 2076 pax
1664 1989 1960 2056 continua
1999 1999 2060 2056 et
2097 1989 2396 2058 continuo
2432 2011 2609 2058 sem-

567 2106 896 2194 piterna...
935 2105 1169 2171 lterum
1198 2104 1401 2171 valete
1437 2113 1498 2170 et
1529 2124 1565 2169 a
1602 2101 2021 2170 sacrosanctis
2053 2113 2118 2170 et
2146 2102 2426 2189 mysticis
2458 2124 2609 2171 sus-

567 2220 842 2307 pendere
891 2239 1007 2286 vos
1066 2218 1283 2286 nolite.
1348 2217 1486 2300 Qui.
1523 2218 1693 2286 enim
1750 2229 2082 2285 accusatus
2140 2228 2284 2286 ante
2328 2218 2609 2306 judicem

567 2341 758 2412 tacet,
795 2330 1170 2397 confitetur:
1208 2340 1274 2397 et
1301 2329 1407 2417 qui
1436 2329 1647 2416 judice
1670 2329 1991 2418 judicante
2020 2333 2221 2416 poenae
2254 2351 2323 2398 se
2350 2329 2604 2411 addicit,

567 2451 984 2518 confitetur...
1022 2449 1405 2536 Repellanda
1441 2449 1633 2536 igitur
1670 2449 1823 2516 falsa
1869 2449 2187 2517 accusatio
2218 2458 2281 2517 et
2318 2459 2608 2517 contem-

566 2564 772 2632 nenda
810 2565 1072 2652 illegalis
1102 2564 1435 2652 judicatio;
1488 2586 1605 2646 ne,
1656 2565 1807 2632 dum
1851 2566 2145 2632 volumus
2182 2565 2378 2633 videri
2413 2565 2605 2632 inno-

565 2688 781 2746 centes
803 2699 1015 2746 coram
1037 2679 1327 2761 ecclesia,
1353 2679 1698 2747 efficiamur
1727 2689 2031 2747 nocentes
2052 2679 2167 2767 (l).
2198 2703 2232 2742 »
2260 2678 2603 2748 Gerbertus

562 2815 739 2874 vero,
781 2805 996 2882 utpote
1028 2795 1134 2882 qui
1171 2795 1481 2883 praecipue
1519 2806 1911 2882 argueretur,
1941 2795 2257 2882 judicibus
2294 2795 2594 2863 occurrit.

569 2935 603 2972 «
644 2909 828 2977 Nunc
874 2909 952 2976 ad
1005 2920 1220 2977 votum
1265 2930 1554 2977 meorum
1604 2909 1913 2990 hostium,
1965 2909 2107 2996 quia
2148 2930 2227 2976 ex
2264 2919 2397 2977 toto
2446 2910 2601 2977 orbe

563 3024 697 3092 fieri
747 3045 876 3092 non
926 3034 1181 3111 potest,
1231 3025 1452 3091 saltem
1504 3045 1583 3091 ex
1640 3034 1771 3091 toto
1828 3033 2191 3091 nostrorum
2245 3023 2599 3111 principum

561 3141 902 3228 regimine,
944 3151 1015 3207 ut
1044 3141 1394 3208 universale
1427 3151 1689 3228 cogatur
1720 3140 2053 3209 concilium
2073 3192 2090 3221 ,
2128 3141 2335 3209 modis
2369 3142 2599 3229 quibus

561 3255 766 3337 valeo,
808 3256 1085 3324 elaboro.
1129 3257 1221 3322 Eo
1256 3255 1669 3323 conveniendi
1701 3266 1766 3323 et
1800 3255 2187 3342 disceptandi
2224 3276 2353 3323 non
2392 3257 2597 3324 solum

564 3367 855 3449 curiosiS,
893 3368 1004 3437 sed
1037 3369 1224 3436 etiam
1255 3368 1543 3436 hostibus
1577 3369 1766 3437 libera
1804 3369 1988 3441 datur
2019 3371 2301 3438 facultas.
2328 3370 2600 3438 Tantum

561 3481 790 3568 quippe
821 3502 856 3549 a
887 3482 1072 3550 nobis
1104 3483 1282 3550 abest
1311 3483 1715 3564 maleficium,
1746 3493 2114 3570 tantumque
2144 3484 2210 3551 in
2241 3483 2599 3554 innocentia

549 3592 969 3678 confidimus,
1009 3607 1080 3663 ut
1115 3597 1402 3684 regulare
1437 3595 1746 3683 judicium
1777 3618 1907 3665 non
1940 3598 2146 3666 solum
2186 3619 2314 3667 non
2353 3599 2596 3668 devite-

629 3819 699 3892 (1)
732 3820 852 3877 Rer.
886 3820 1062 3878 Gallio.
1095 3823 1268 3895 script.
1290 3867 1302 3890 ‚
1335 3829 1374 3879 t.
1405 3839 1470 3892 x,
1504 3843 1551 3896 p.
1588 3826 1709 3882 413.
1744 3825 1968 3896 Seguino
1999 3819 2293 3882 G'erbertus.
