3100 4792
1542 457 1629 526 20

568 626 736 692 enim
775 624 942 691 aliud
982 624 1187 711 egeris
1227 644 1373 692 cum
1412 634 1729 712 pastorem
1769 635 1948 692 tuum
1996 628 2315 696 voluntate
2351 628 2605 696 heredi-

567 740 706 807 tarii
743 739 944 827 regiS,
986 758 1298 807 consensu
1340 749 1403 808 et
1440 740 1653 808 favore
1693 733 2312 830 comprovincialium
2352 744 2605 832 episco-

569 875 795 942 porum
847 856 1151 936 electum,
1205 874 1278 922 ac
1334 855 1594 942 insuper
1640 855 1977 944 episcopali
2023 857 2460 926 benedictione
2495 858 2605 926 do-

569 980 829 1052 natum,
867 969 1072 1038 adhuc
1103 969 1386 1057 pertinax
1431 970 1691 1038 minime
1742 971 2190 1058 recognoscis?
2240 973 2453 1059 Teque
2491 993 2606 1040 ve-

566 1086 660 1152 lut
696 1086 1050 1154 membrum
1081 1086 1371 1153 mutilum
1407 1106 1482 1153 ac
1511 1086 1819 1167 deforme,
1856 1085 1993 1154 sine
2026 1086 2263 1154 unitate
2294 1085 2602 1174 corporis,
2654 1157 2660 1162 ,

567 1218 645 1266 ex
683 1198 824 1268 oleo
861 1199 923 1266 in
965 1199 1304 1267 oleastrum
1342 1199 1623 1266 inserere
1654 1199 1902 1266 tentas?
1935 1198 2083 1267 Ideo
2120 1210 2438 1286 pastorem
2476 1219 2607 1268 non

567 1313 976 1400 recognoscis
1013 1312 1158 1399 quia
1189 1332 1405 1400 regem
1437 1322 1617 1379 tuum
1653 1331 1851 1399 regno
1888 1312 2130 1400 privare
2162 1311 2429 1379 moliriS.
2466 1312 2608 1380 Non

568 1442 665 1500 est
700 1432 790 1499 tui
821 1431 982 1519 juris
1019 1451 1233 1499 creare
1271 1451 1472 1498 novos
1518 1451 1703 1518 reges
1750 1451 1825 1498 ac
1861 1431 2209 1518 principeS,
2250 1431 2315 1497 id
2353 1442 2451 1498 est
2488 1432 2608 1499 sub

569 1546 820 1614 insolita
870 1545 1134 1613 transire
1167 1544 1345 1633 juga.
1385 1544 1843 1612 Gravissimum
1889 1555 1988 1612 est
2023 1554 2349 1632 peccatum
2391 1555 2604 1626 tuum,

568 1661 759 1749 impia
795 1661 1038 1728 civitaS.
1085 1661 1222 1728 Non
1261 1660 1570 1747 confregit
1601 1661 1765 1727 aries
1802 1681 2020 1728 muros
2058 1670 2234 1742 tuoe,
2278 1679 2407 1728 non
2444 1661 2611 1728 same

567 1777 780 1844 infecti
821 1775 1072 1856 militeS,
1113 1775 1286 1842 nullo
1324 1774 1592 1844 telorum
1636 1795 1867 1862 genere
1913 1776 2156 1862 pervasi
2195 1786 2366 1842 sunt.
2408 1775 2609 1844 Sanc·-

567 1892 839 1960 marium
888 1891 1138 1960 Domini
1190 1891 1557 1978 corrupisti,
1610 1891 2036 1958 sanctuarium
2085 1891 2331 1958 Domini
2383 1911 2609 1979 perva-

566 2005 706 2073 sisti
738 2027 812 2074 ac
842 2005 1156 2093 possides.
1187 2006 1496 2093 Spelunca
1520 2006 1834 2074 latronum
1866 2007 2023 2074 sacta
2056 2026 2211 2074 es...
2242 2006 2605 2089 Revertere,

567 2129 880 2187 revertere
913 2119 991 2186 ad
1023 2139 1243 2206 pacem
1275 2119 1684 2188 ecclesiarum
1712 2120 1875 2188 etad
1901 2120 2198 2188 unitatem
2234 2141 2604 2208 regnorum,

567 2232 786 2300 civitas
821 2234 1120 2299 virtutum
1159 2233 1501 2319 expultrix,
1538 2253 1614 2301 ac
1644 2233 1937 2301 vitiorum
1973 2235 2282 2323 receptrix
2318 2235 2429 2324 (l).
2468 2259 2504 2300 »

660 2347 876 2433 ltaque
931 2345 1135 2414 acrior
1191 2345 1256 2412 in
1312 2345 1448 2414 dies
1497 2347 1793 2415 increscit
1836 2346 1929 2414 ira
1982 2348 2151 2434 regis
2212 2372 2243 2410 ‹
2298 2348 2363 2414 iu
2418 2369 2607 2436 quem

569 2460 890 2528 cumulum
928 2459 1021 2526 ira
1065 2460 1363 2547 furorque
1401 2461 1571 2548 regis
1603 2461 1668 2526 in
1706 2481 1824 2528 nos
1870 2461 2253 2548 proruperit,
2299 2462 2475 2529 testis
2510 2475 2610 2530 est

565 2575 839 2662 impetus
875 2575 1010 2662 ejus
1047 2576 1412 2662 repentinus
1449 2587 1512 2643 et
1548 2575 1933 2662 inopinatuS,
1970 2575 2201 2662 vixque
2238 2575 2375 2644 sine
2412 2577 2607 2644 multa

566 2689 736 2757 caede
773 2688 1042 2775 partium
1079 2689 1456 2775 repulsus..
1496 2709 1557 2756 vr
1605 2689 1725 2756 cal.
1766 2689 1978 2777 aprilis
2016 2701 2365 2758 conventus
2403 2690 2605 2758 Fran-

565 2825 782 2873 corum
813 2806 1084 2874 indictus
1107 2816 1228 2884 est,
1257 2807 1468 2893 ibique
1492 2806 1753 2874 crimine
1774 2806 2153 2874 infidelitatis
2188 2809 2599 2894 pulsabimur,

565 2922 734 3008 quod
758 2923 1123 3010 episcopum
1153 2922 1607 2989 virdunensem
1634 2920 1880 2990 licentia
1902 2921 2371 3004 donaverimus,
2400 2923 2605 3010 quod·

565 3057 689 3123 que
726 3038 789 3104 in
827 3037 1194 3125 presbyterii
1231 3038 1537 3105 honorem
1577 3037 2075 3124 permoverimus
2116 3039 2232 3124 (2).
2276 3062 2309 3100 »
2350 3039 2442 3106 De
2478 3039 2601 3107 isto

566 3162 880 3222 conventu
925 3153 1095 3219 nulla
1143 3152 1308 3240 apud
1347 3152 1709 3220 Richerium
1757 3172 1963 3238 neque
2002 3151 2183 3220 alioS.
2240 3153 2601 3222 inimicitias

565 3267 751 3333 etiam
785 3267 1076 3353 posuisse
1107 3285 1214 3334 rex
1243 3265 1513 3346 videtur,
1544 3277 1611 3333 ut
1632 3265 2139 3334 administrandae
2161 3267 2421 3336 dioecesi
2443 3289 2603 3356 ope·-

565 3401 699 3448 ram
753 3381 1280 3468 Archiepiscopus
1308 3433 1328 3462 ,
1385 3382 1611 3449 timore
1680 3402 1949 3450 excusso
1980 3434 1995 3465 ,
2050 3383 2467 3470 impenderet.
2542 3385 2601 3452 ls

637 3669 706 3742 (1)
738 3669 800 3723 D.
829 3670 1088 3740 Bouquet,
1120 3675 1158 3723 t.
1192 3684 1279 3734 1x,
1309 3687 1356 3741 p.
1389 3669 1513 3724 285.

633 3763 704 3835 (2)
733 3761 847 3825 Id„
900 3763 1059 3827 ibid„
1099 3780 1147 3835 p.
1186 3762 1310 3820 285.
1360 3765 1593 3835 Imperat.
1640 3763 1975 3835 Theophaniae
2020 3771 2071 3820 et
2114 3765 2221 3820 filio
2269 3765 2489 3833 Othoni,
2533 3784 2598 3821 ex

562 3874 774 3929 persona
804 3856 1150 3916 AdalberoniS.
