3100 4792
1444 442 1530 512 23

467 611 579 692 sit,
622 631 734 698 per
770 630 932 698 quos
969 619 1312 696 quaereret,
1368 629 1448 677 an
1487 609 1823 697 episcopus
1872 610 2192 680 resisteret
2237 615 2371 702 regi
2423 635 2505 682 an

465 748 540 794 ex
601 726 862 815 objectis
919 726 1174 814 purgari
1233 735 1467 794 statuto
1526 736 1811 813 tempore
1878 737 2131 814 paratus
2188 739 2381 797 esset.
2437 730 2503 798 Si

466 851 685 908 contra
743 850 966 921 staret,
1029 860 1172 908 sese
1229 860 1377 908 mox
1433 839 1828 908 obsidionem
1888 841 2027 908 urbi
2080 841 2505 911 adhibiturum

465 957 780 1037 dicerent,
831 967 1200 1043 captamque
1240 958 1462 1024 urbem
1506 977 1651 1024 cum
1694 957 1832 1044 ipso
1872 959 2054 1026 hoste
2099 978 2510 1046 compressu-

471 1093 640 1140 rum.
677 1072 743 1139 Si
774 1093 924 1146 vero
964 1073 1226 1160 objectis
1267 1073 1649 1160 respondere
1687 1093 1816 1142 non
1862 1073 2205 1156 dubitaret,
2248 1076 2504 1145 obsides

345 1241 352 1252 ,
466 1189 544 1256 ab
589 1207 666 1254 eo
705 1207 847 1255 sese
884 1199 1286 1274 accepturum
1325 1187 1787 1273 ducturumque
1819 1185 1935 1274 (1).
1982 1212 2015 1249 »
2064 1188 2503 1257 Conditionem

467 1303 640 1391 pacis
688 1323 1082 1390 praepropere
1129 1303 1298 1370 subit
1349 1290 1688 1370 Adal'bero.
1752 1325 1870 1368 α...
1934 1301 2000 1369 Si
2045 1302 2124 1370 de
2174 1305 2503 1390 praeteritis

468 1419 698 1506 agitur,
754 1440 976 1506 regum
1034 1421 1301 1487 salutem
1358 1420 1664 1487 hactenus
1717 1418 1948 1505 optavi.
2013 1418 2249 1487 Eorum
2300 1442 2506 1508 genus

466 1535 655 1602 colui.
699 1535 1058 1622 Principum
1096 1555 1348 1623 quoque
1403 1533 1769 1614 commoda,
1820 1553 1935 1620 pro
1983 1533 2223 1602 ratione
2270 1539 2499 1606 amavi.

465 1650 532 1718 Si
568 1651 647 1718 de
683 1652 1122 1739 praesentibuS,
1165 1651 1332 1738 regis
1361 1651 1542 1738 jussa
1591 1651 1815 1738 exequi
1856 1670 1985 1718 non
2036 1671 2281 1733 moror,
2326 1653 2501 1721 obsi-

465 1763 580 1832 des
621 1787 782 1853 quos
815 1767 981 1848 vult,
1015 1766 1234 1847 trado,
1289 1765 1599 1834 rationem
1636 1777 1854 1834 contra
1899 1765 2141 1853 objecta
2177 1767 2503 1841 intendere

464 1901 592 1948 non
628 1881 848 1950 differo
884 1883 998 1968 (Ξ).
1041 1907 1075 1944 »

554 1996 873 2065 Vocantur
942 1998 1133 2084 igitur
1197 2017 1492 2086 proceres
1519 2048 1537 2079 ,
1611 2017 1685 2065 ac
1755 1997 2173 2066 Silvanectum
2248 1997 2503 2066 devenit

464 2111 1030 2199 Archiepiscopus3
1084 2113 1196 2180 sed
1241 2133 1368 2199 quo
1413 2123 1693 2199 tempore
1738 2132 1807 2180 se
1852 2111 2218 2180 criminibus
2263 2134 2500 2202 purga-

464 2235 644 2292 turus
682 2237 838 2308 erat‚
876 2227 1232 2294 Ludovicus
1269 2248 1346 2294 ex
1380 2227 1723 2314 improviso
1760 2226 1993 2294 interiit
2024 2227 2137 2314 (ὅ).

552 2339 829 2426 Tempus
879 2341 1093 2408 aderat
1141 2362 1267 2430 quo
1307 2341 1550 2430 jamdiu
1602 2351 1885 2428 optatum
1934 2341 2127 2406 finem
2180 2341 2499 2427 Capetiani

462 2464 640 2520 erant
688 2456 1060 2522 assecuturi.
1118 2457 1280 2522 Tum
1340 2456 1527 2523 etiam
1587 2455 1785 2542 patuit
1842 2465 2074 2541 quanta
2133 2455 2501 2524 auctoritate

464 2568 758 2656 Episcopi
818 2570 1120 2638 valerent.
1187 2571 1394 2652 Quum
1459 2569 1629 2637 enim
1691 2570 1903 2667 nullus
1970 2569 2266 2636 Ludovici
2333 2571 2501 2639 filius

471 2696 858 2770 superesset,
901 2687 963 2753 in
1004 2687 1499 2755 controversiam
1539 2686 1860 2768 veniebat,
1898 2697 2109 2753 utrum
2140 2685 2283 2774 jure
2313 2687 2503 2755 here·-

467 2797 688 2868 ditario
725 2801 805 2868 ad
840 2812 1133 2888 patruum
1167 2803 1459 2870 Carolum
1491 2823 1760 2890 regnum
1793 2802 2109 2882 transiret,
2148 2821 2253 2883 an,
2295 2812 2503 2870 trans-

463 2935 651 2983 verso
693 2917 1090 3003 cognationis
1127 2917 1346 2986 ordine
1391 2917 1783 3005 posthabitO,
1828 2917 1905 2984 ad
1943 2938 2089 2984 eum
2128 2917 2233 3002 qui
2274 2917 2502 2983 suffra-

465 3028 588 3116 giis
610 3041 867 3096 evectus
890 3030 1221 3099 obtineret.
1251 3030 1610 3099 Sententias
1634 3043 1841 3099 autem
1866 3031 1944 3099 de
1968 3051 2164 3118 regno
2189 3031 2505 3118 rogandas

465 3164 608 3212 esse
651 3147 892 3233 primus
929 3148 1092 3217 inter
1128 3149 1460 3236 episcopos
1501 3147 1837 3216 Remensis
1870 3147 2181 3215 Adalhero
2218 3147 2495 3228 censuit;

465 3259 566 3326 cui
625 3281 770 3328 cum
839 3263 1121 3349 plerique
1185 3262 1646 3343 assensissent,
1708 3262 1860 3329 nihil
1930 3283 2191 3349 prorsus
2250 3282 2284 3328 a
2343 3261 2505 3328 solio·

465 3373 802 3460 Hugonem
827 3376 1167 3462 prohibuit.
1195 3376 1318 3444 Sed
1344 3376 1595 3444 Richeri
1630 3376 2090 3444 enarrationem
2116 3387 2497 3464 repetamus.

554 3489 730 3577 Rege
762 3501 1038 3573 mortuo,
1073 3491 1264 3558 instat
1306 3492 1444 3557 Dux
1471 3489 1886 3584 Atialberonis
1931 3489 2309 3578 purgationi.
2344 3489 2505 3558 Pro·
2572 3535 2577 3538 -

545 3703 614 3776 (1)
643 3705 942 3772 RicheriuS,
973 3706 1063 3760 lib.
1099 3721 1172 3773 tv,
1205 3723 1313 3777 cap.
1345 3705 1396 3762 3.

540 3800 610 3873 (Ξ)
640 3799 752 3862 Id„
784 3800 946 3862 ibid„
976 3817 1084 3872 cap.
1120 3803 1172 3856 4.

543 3893 613 3966 (3)
645 3892 721 3949 Id.
745 3937 757 3949 .
790 3893 949 3956 ibid„
984 3911 1092 3967 cap.
1125 3895 1176 3951 5.
