3100 4792
1541 431 1627 502 32

661 602 954 666 Attamen
1018 598 1120 665 vix
1187 598 1374 686 Hugo
1433 596 1687 664 Parisiis
1746 598 1939 665 redux
1996 608 2161 678 erat,
2205 617 2347 665 cum
2388 596 2605 673 dolos,

573 712 1118 801 proditionemque
1165 712 1561 780 machinatur
1605 711 2166 799 Archiepiscopus,
2224 736 2257 774 α
2306 711 2413 798 qui
2459 710 2610 778 illud

569 829 893 897 infortunii
951 849 1155 916 genus
1214 829 1667 906 arbitrabatur,
1730 828 1898 914 quod
1959 827 2095 916 ipse
2152 840 2476 916 superstes
2534 828 2613 896 de

570 942 771 1032 patrio
818 963 1050 1030 genere
1085 943 1328 1010 nullum
1375 953 1600 1031 praeter
1646 942 1947 1008 Karolum
1992 942 2283 1009 habebat.
2332 941 2612 1009 Miserri—

571 1079 746 1126 mum
800 1078 1052 1146 quoque
1105 1058 1224 1126 sibi
1273 1057 1502 1141 videri,
1556 1057 1610 1124 si
1658 1057 1715 1124 is
1772 1057 2013 1126 honore
2070 1057 2499 1139 frustraretur,
2548 1055 2613 1124 in

574 1192 701 1260 quo
765 1173 903 1241 solo
960 1193 1107 1260 spes
1166 1171 1535 1240 restituendi
1598 1191 1801 1259 genus
1859 1180 2189 1258 paternum
2246 1170 2367 1238 sita
2424 1171 2608 1238 foret.

576 1288 806 1356 Patruo
853 1287 1063 1374 itaque
1109 1287 1590 1368 miserescebat3
1634 1287 1805 1353 illum
1840 1286 2188 1374 cogitabat,
2226 1286 2400 1354 illum
2442 1287 2615 1356 cole-

576 1404 716 1484 bat,
779 1403 953 1470 illum
1015 1423 1130 1491 pro
1193 1401 1561 1491 parentibus
1617 1400 2010 1469 carissimum
2074 1387 2367 1470 habebat.
2433 1401 2617 1490 Apud

578 1538 768 1604 quem
801 1517 1028 1586 collato
1057 1517 1346 1598 consilio,
1383 1517 1703 1603 quaerebat
1733 1537 2009 1603 quonam
2044 1516 2236 1584 modo
2268 1517 2333 1583 in
2366 1516 2617 1585 culmen

577 1631 840 1699 honoris
878 1632 1053 1698 illum
1100 1633 1448 1721 provehere
1493 1643 1743 1720 posset,
1789 1632 1882 1700 sic
1918 1644 2130 1700 tamen
2169 1643 2241 1700 ut
2272 1633 2409 1721 ipse
2448 1633 2619 1722 regis

579 1747 863 1816 desertor
914 1768 1044 1816 non
1103 1735 1430 1837 appareret
1487 1750 1604 1836 (l).
1664 1776 1697 1808 n
1754 1749 1889 1830 Qua
1936 1759 2145 1818 autem
2194 1750 2412 1822 fraude
2460 1771 2619 1819 usus

581 1861 893 1931 civitatem
923 1882 1120 1949 seque
1140 1863 1376 1951 ipsum,
1403 1862 1584 1952 quasi
1604 1863 1665 1931 vi
1686 1875 2140 1952 expugnatum,
2166 1865 2390 1934 Carolo
2425 1866 2618 1934 tradi-

580 1975 786 2057 derit,
849 1996 976 2063 quo
1019 1976 1364 2044 monitorio
1402 1977 1592 2044 etiam
1649 1977 1713 2043 in
1761 1977 1919 2046 iram
1976 1977 2269 2046 simulato
2313 1979 2621 2052 invadens·

581 2091 739 2158 tium
777 2090 1080 2158 nefariam
1113 2090 1437 2159 audaciam
1471 2092 1889 2174 mulctaverit,
1927 2093 2105 2174 satie,
2140 2103 2213 2161 ut
2247 2093 2623 2181 praetermit-

584 2217 717 2275 tere
762 2205 979 2286 liceat,
1022 2205 1250 2292 cuique
1293 2216 1539 2273 notum.
1592 2207 1684 2274 Ita
1735 2208 1996 2277 Carolus
2042 2233 2075 2272 «
2116 2208 2278 2276 felici
2322 2229 2621 2280 successu

585 2318 890 2408 insignis,
926 2319 1274 2400 Remorum
1311 2322 1712 2410 metropolim
1759 2343 1903 2392 cum
1957 2322 2291 2406 Lauduno,
2342 2344 2416 2392 ac
2460 2323 2623 2392 Sue-

587 2435 811 2516 sionis,
853 2454 1196 2522 earumque
1228 2435 1474 2524 oppidis
1512 2436 1780 2523 optinuit
1812 2437 1923 2526 (2).
1964 2463 2017 2520 ”.

676 2552 817 2619 lam
858 2551 1084 2638 igitur,
1135 2552 1380 2621 fortuna
1420 2553 1822 2640 indulgente,
1866 2554 2126 2624 Carolus
2162 2555 2361 2642 aequis
2388 2554 2627 2624 viribus

587 2664 998 2732 dimicaturus
1035 2665 1345 2734 imminet.
1373 2666 1658 2734 Alterum
1696 2666 1987 2734 Carolum
2022 2667 2176 2734 alter
2207 2667 2256 2734 F
2259 2667 2401 2735 ulco
2423 2667 2488 2733 in
2521 2686 2627 2734 re·-

589 2799 788 2866 gnum
812 2778 1268 2847 restituendum
1292 2800 1593 2868 prospere
1615 2779 1821 2847 moliri
1836 2780 2102 2849 videtur.
2118 2782 2299 2849 Tunc
2320 2781 2618 2858 occurrit,

591 2894 700 2981 qui
737 2893 905 2961 anxii
943 2893 1234 2982 Hugonis
1272 2916 1455 2964 curas
1489 2896 1867 2984 abstergeat,
1902 2896 2213 2966 Adalbero
2250 2897 2629 2965 Laudunen-

586 3007 703 3076 sis.
757 3007 1008 3076 ,lamdiu
1083 3032 1114 3071 α
1176 3009 1350 3076 omni
1406 3009 1663 3098 ingenio
1728 3009 2255 3096 opportunitatem
2313 3009 2631 3097 quaerebat

659 3354 734 3428 (1)
762 3354 1055 3422 RicheriuS,
1085 3354 1174 3409 lib.
1210 3369 1264 3409 ιν
1304 3371 1430 3426 ,cap.
1465 3353 1554 3409 32.

664 3448 736 3522 (2)
769 3447 1061 3516 Richerius,
1106 3448 1196 3503 lib.
1244 3463 1319 3515 lv,
1368 3465 1477 3521 cap.
1522 3447 1611 3504 36.
1648 3479 1719 3491 —
1760 3449 2033 3506 Gerbertus
2078 3451 2209 3522 apud
2253 3450 2520 3506 Arnulfum
2566 3467 2631 3506 ex

587 3543 820 3616 epistolis
843 3550 971 3609 erat,
1001 3545 1213 3616 ejusque
1240 3543 1470 3600 consiliis
1497 3543 1711 3600 favebat.
1748 3544 1867 3600 Inde
1909 3562 1967 3600 ea
2010 3561 2123 3616 quae
2162 3545 2460 3608 Adalberoni
2489 3545 2629 3602 Lau-

591 3638 811 3694 dunensi
841 3638 1108 3694 scribebat.
1141 3639 1200 3694 D.
1231 3639 1481 3710 Bouquet,
1514 3645 1553 3694 t.
1584 3653 1643 3706 x,
1675 3656 1725 3711 p.
1754 3639 1858 3696 402
1890 3662 1902 3694 z
1946 3661 2037 3696 α...
2070 3639 2183 3696 Divi
2209 3640 2425 3712 Augusti
2454 3639 2635 3697 Lotha-

593 3734 658 3790 rii
698 3748 970 3804 germanus
1009 3733 1164 3789 frater
1199 3734 1348 3789 heres
1381 3733 1523 3806 regni
1563 3750 1717 3805 regno
1753 3735 1997 3805 expulsus
2038 3741 2132 3790 est.
2171 3735 2295 3808 Ejus
2332 3735 2535 3802 aemuli,
2577 3743 2636 3792 ut

593 3831 766 3902 opinio
796 3832 1071 3887 multorum
1101 3839 1208 3899 est,
1239 3833 1371 3890 inter
1399 3849 1543 3904 reges
1570 3834 1724 3889 creati
1756 3840 1894 3889 sunt.
1931 3834 2041 3901 Quo
2062 3835 2177 3908 jure
2206 3835 2463 3906 legitimus
2487 3836 2636 3892 heres

591 3925 931 3982 exheredatus
962 3933 1072 3994 est,
1105 3944 1200 4000 quo
1226 3929 1340 4001 iure
1371 3943 1525 3998 regno
1554 3927 1779 3998 privatus
1810 3931 1931 3984 est?
1959 3951 1981 3980 »
