3100 4792
1541 463 1581 530 8

533 632 964 701 conversionis
997 633 1050 699 si
1088 653 1312 701 causas
1357 634 1818 720 perquiramus,
1862 636 2003 722 quis
2050 647 2183 704 tum
2228 638 2415 706 suerit
2460 660 2571 708 ec-

531 744 737 813 clesiae
770 747 1004 834 gallicae
1042 757 1242 814 status
1280 746 1495 835 paucis
1531 748 1740 816 verbis
1780 748 2113 836 explanare
2144 769 2406 819 necesse
2444 763 2568 819 est.

531 859 672 926 Jam
709 861 1042 948 incipiente
1087 863 1317 929 saeculo
1349 863 1621 945 decimo,
1658 863 1736 930 de
1773 863 1953 950 regni
1991 875 2054 930 et
2090 864 2371 932 ecclesiae
2416 884 2572 932 con-

533 972 768 1041 ditione
801 975 966 1061 apud
1001 975 1350 1043 Trosleium
1389 976 1582 1044 habiti
1620 975 1866 1044 concilii
1906 975 2202 1044 dolebant
2244 977 2563 1065 Episcopi.

539 1111 572 1150 «
616 1088 1014 1176 Depopulatae
1060 1091 1284 1172 urbes,
1338 1091 1656 1159 destructa
1701 1091 1799 1158 vel
1845 1091 2103 1159 incensa
2158 1093 2569 1168 monasteria.

533 1202 668 1288 agri
700 1203 761 1270 in
795 1203 1193 1272 solitudinem
1234 1216 1382 1272 sunt
1412 1205 1671 1287 redacti,
1713 1205 1798 1272 ita
1830 1216 1900 1272 ut
1936 1225 2084 1274 vere
2116 1205 2435 1294 possimus
2472 1207 2573 1274 di-

533 1339 676 1388 cere
717 1319 861 1406 quia
904 1319 1188 1407 pervenit
1223 1321 1469 1408 gladius
1506 1341 1710 1408 usque
1756 1321 1834 1388 ad
1880 1321 2187 1390 animam.-
2232 1322 2447 1409 Usque
2492 1323 2571 1390 ad

535 1438 808 1505 animam
846 1439 1115 1526 denique
1155 1440 1400 1529 gladius
1436 1440 1745 1528 pervenit,
1784 1460 1929 1507 cum
1959 1439 2133 1526 justo
2174 1441 2285 1508 Dei
2326 1441 2569 1530 judicio

533 1553 784 1620 amissis
813 1553 1227 1623 exterioribus
1256 1555 1440 1623 bonis
1465 1566 1528 1623 et
1559 1556 1865 1623 exhausto
1890 1554 2153 1641 flagellis
2176 1565 2362 1642 atque
2388 1555 2573 1622 afflic-

533 1668 811 1736 tionibus
847 1689 1138 1758 corpore‚
1178 1671 1314 1759 ipsa
1356 1671 1555 1738 virtus
1601 1670 1825 1737 animae
1874 1671 2104 1737 lassata
2162 1669 2431 1738 deiicere
2475 1669 2573 1737 vi-

533 1782 740 1865 detur,
792 1795 856 1851 et
901 1784 1080 1870 quasi
1133 1785 1284 1852 nihil
1332 1786 1516 1854 vitale
1568 1786 1632 1852 in
1692 1785 1795 1852 illa
1846 1792 2286 1852 reservatur...
2327 1783 2589 1852 Nostris.

533 1898 743 1986 potius
787 1910 850 1967 et
894 1901 1086 1968 totius
1128 1902 1342 1990 populi
1386 1923 1575 1989 quem
1612 1921 1833 1990 regere
1868 1899 2243 1980 debuimus,
2301 1899 2617 1986 peccatis-

531 2013 652 2081 ista
688 2015 872 2098 fiant,
915 2017 1214 2103 quoniam
1260 2018 1619 2105 iniquitates
1668 2027 1902 2085 nostrae
1950 2014 2374 2102 multiplicatae
2427 2024 2577 2082 sunt

534 2152 724 2220 super
776 2145 964 2222 caput
1000 2145 1062 2203 et
1099 2135 1304 2204 debita
1341 2148 1559 2204 nostra
1597 2145 1935 2204 creverunt
1983 2153 2185 2220 usque
2226 2132 2305 2200 ad
2349 2132 2567 2200 coeloS.

533 2245 890 2338 Fornicatio
921 2260 985 2317 et
1020 2250 1421 2333 adulterium,
1449 2248 1846 2336 sacrilegium
1872 2259 1935 2316 et
1963 2246 2372 2316 homicidium
2394 2246 2575 2314 inun-

534 2360 762 2428 darunt
797 2373 861 2431 et
897 2364 1156 2452 sanguis
1194 2365 1569 2453 sanguinem
1607 2364 1894 2452 tetigit...
1938 2362 2016 2429 Et
2053 2363 2217 2430 sicut
2251 2361 2436 2449 primi
2465 2362 2576 2430 ho-

532 2475 738 2544 mines
769 2477 936 2545 nulla
973 2478 1140 2565 lege,
1165 2479 1339 2547 nullo
1368 2479 1589 2548 saltem
1628 2478 1853 2546 timore
1889 2477 2382 2566 prohibebantur
2414 2476 2576 2543 male

534 2611 764 2678 agere;
809 2592 922 2659 sed
960 2593 1154 2660 libere
1185 2593 1387 2661 ventri
1433 2605 1496 2662 et
1544 2592 2065 2662 delectationibus
2103 2591 2457 2672 oculorum,
2500 2609 2574 2656 ac

424 2753 431 2757 -
535 2706 776 2774 caeteris
806 2707 972 2774 vitiis
1004 2708 1359 2776 serviebant
1395 2730 1410 2774 :
1454 2709 1538 2776 ita
1571 2728 1742 2775 nunc
1765 2707 2124 2795 posthabito
2156 2707 2575 2772 humanarum

535 2818 635 2887 vel
680 2819 1030 2888 divinarum
1076 2822 1290 2909 legum
1341 2821 1602 2903 timore,
1644 2820 2025 2908 contemptis
2065 2818 2287 2888 edictis
2324 2817 2575 2905 episco-

534 2933 811 3020 palibus,
865 2936 1300 3024 unusquisque
1344 2936 1514 3023 quod
1550 2935 1684 3003 vult
1729 2935 1857 3022 agit
1896 2956 1909 3000 :
1968 2933 2284 3021 potentior
2336 2932 2577 3000 viribus

534 3047 943 3116 infirmiorem
977 3051 1294 3137 opprimit,
1331 3062 1395 3118 et
1425 3061 1575 3116 sunt
1603 3048 1894 3117 homines
1920 3047 2083 3115 sicut
2112 3046 2321 3135 pisces
2352 3044 2572 3126 mariS‚

536 3164 643 3250 qui
682 3167 759 3232 ab
798 3167 1066 3236 invicem
1109 3168 1346 3257 passim
1389 3168 1793 3236 devorantur.
1852 3166 2015 3233 Hinc
2050 3176 2147 3247 est
2190 3163 2360 3251 quod
2396 3162 2575 3232 vide-

535 3298 680 3345 mus
734 3299 845 3366 per
897 3291 1100 3348 totum
1148 3283 1457 3350 mundum
1508 3280 1759 3368 rapinas
1804 3300 2187 3368 pauperum,
2249 3277 2574 3366 depraeda-

539 3391 740 3460 tiones
760 3414 972 3461 rerum
1005 3395 1657 3466 ecclesiasticarum...
1686 3375 1909 3460 Omnis
1931 3413 2091 3480 pene
2124 3392 2304 3472 ordo,
2343 3388 2575 3457 omnis-

537 3526 659 3592 que
695 3517 895 3574 status
931 3509 1212 3577 ecclesiae
1249 3511 1550 3578 confusus
1588 3518 1651 3574 at
1687 3518 2029 3575 temeratus
2082 3516 2202 3573 est.
2251 3503 2569 3588 Denique,

538 3648 620 3694 ne
656 3624 840 3693 nobis
877 3645 1133 3711 parcere
1168 3625 1516 3706 videamur,
1559 3622 1666 3710 qui
1714 3623 1978 3690 aliorum
2017 3629 2219 3688 errata
2256 3616 2574 3704 corrigere

540 3742 880 3822 debemuS‚
922 3739 1201 3828 episcopi
1251 3739 1541 3821 dicimur,
1590 3739 1703 3805 sed
1739 3735 2092 3825 episcopale
2130 3732 2404 3802 officium
2442 3750 2571 3798 non

541 3855 898 3942 implemus.
939 3853 1348 3921 Ministerium
1399 3851 1856 3940 praedicationis
1914 3846 2324 3935 relinquimus
2386 3869 2397 3912 :
2450 3865 2575 3914 eos
