3100 4792
1564 415 1649 482 16

587 582 790 650 facere
859 578 1122 648 volentis
1195 579 1315 646 sub
1379 578 1635 646 nomine
1706 578 2173 661 advocationiS,
2248 579 2407 647 velle
2474 579 2643 648 des—·

589 710 796 770 truere
853 699 967 788 (1).
1037 723 1067 762 x·
1135 695 1287 778 Quae
1336 697 1391 764 si
1442 715 1588 764 cum
1641 695 1889 764 Richeri
1944 695 2381 776 enarratione,
2439 716 2631 784 supra

587 825 930 884 memorata
961 812 1050 904 (Ξ)
1072 865 1090 896 ,
1120 813 1407 882 conferas
1445 822 1507 882 et
1544 812 1733 880 etiam
1766 812 1903 880 aliis
1940 812 2317 900 quibusdam
2341 811 2625 880 Gerberti

587 930 894 1019 epistolis,
923 928 1208 997 mendaci
1241 928 1449 1015 specie
1480 927 1680 994 velata
1704 926 1963 995 consilia
1996 936 2319 1014 apparent.
2356 927 2628 996 Etenim

587 1045 638 1113 si
678 1044 812 1132 regi
850 1042 1269 1125 consentiant,
1307 1061 1419 1110 cur
1455 1042 1534 1108 ab
1565 1041 1789 1109 eodem
1822 1040 2096 1130 suspecti
2130 1041 2475 1110 habentur?
2504 1042 2629 1110 Cur

585 1160 862 1230 tenebris
901 1158 1080 1248 quasi
1111 1156 1370 1226 involuti
1410 1157 1734 1239 incedunt,
1770 1155 1891 1226 nisi
1929 1157 1992 1223 in
2030 1176 2245 1244 regem
2278 1156 2629 1246 conjurati?

586 1277 736 1365 quid
773 1276 852 1344 de
881 1274 1193 1342 mandatis
1225 1273 1304 1340 ad
1330 1272 1703 1356 Beatricem,
1728 1262 2034 1360 'Hugonis
2068 1292 2378 1354 sororem,
2414 1272 2627 1342 missis

588 1394 1012 1474 censebimus,
1049 1390 1145 1457 vel
1180 1389 1256 1458 de
1288 1388 1388 1457 his
1411 1389 1742 1457 monachis
1774 1389 1880 1477 qui
1904 1389 2255 1458 clanculum
2284 1411 2429 1458 cum
2457 1392 2629 1459 Duce

589 1506 897 1595 colloquia
954 1503 1188 1573 faciunt
1247 1502 1385 1590 (5)?
1437 1503 1781 1586 Praeterea,
1837 1523 2050 1572 nonne
2106 1505 2185 1574 ab
2233 1504 2629 1573 Adalberone

593 1623 712 1690 iste
763 1619 1082 1689 Godefridi
1134 1620 1336 1703 filius,
1388 1640 1614 1707 quem,
1660 1641 1839 1703 cum,
1881 1619 2237 1690 inconsulto
2295 1622 2623 1704 Lothario,

590 1734 1005 1830 virdunensis
1052 1733 1387 1820 episcopus
1425 1734 1664 1802 electus
1713 1745 1915 1814 esset,
1956 1734 2291 1804 diaconum
2338 1747 2402 1804 et
2445 1757 2627 1824 pres-

590 1857 878 1945 byterum
930 1853 1358 1934 ordinaverat,
1408 1851 1487 1918 ad
1538 1850 1861 1922 rebellium
1912 1849 2242 1919 incitatur?
2298 1877 2332 1916 «
2386 1852 2627 1921 Felices

591 1974 822 2061 quibus
862 1981 1119 2060 paterna
1158 1969 1357 2037 virtus
1403 1968 1721 2056 exemplar
1759 1967 1843 2034 sit
1886 1967 2207 2036 imitabile.
2243 1967 2467 2038 Vester
2510 1990 2625 2056 ge-

589 2087 757 2153 nitor
797 2087 919 2154 boc
965 2085 1141 2172 petit.
1183 2083 1577 2170 Repentinus
1615 2103 1801 2150 casus
1838 2103 1918 2150 ne
1955 2103 2071 2150 vos
2112 2082 2453 2164 deterreat,
2500 2083 2625 2152 lilio

589 2198 854 2268 Caesaris
891 2198 1077 2266 fidem
1117 2218 1303 2285 quam
1343 2195 1723 2284 promisistis
1767 2197 2123 2282 inviolatam
2164 2207 2442 2281 servate,
2484 2219 2627 2267 om-

588 2314 691 2382 nia
730 2325 934 2383 castra
973 2314 1051 2381 ab
1082 2315 1374 2382 hostibus
1404 2313 1701 2395 tuemini,
1739 2312 2008 2400 denique
2040 2333 2159 2381 nec
2197 2313 2625 2402 Scarponnam

589 2449 707 2497 nec
753 2427 1060 2496 Haidonis
1105 2428 1464 2510 castellum,
1510 2448 1631 2496 uec
1667 2427 1970 2515 quidlibet
2012 2446 2231 2496 eorum
2271 2448 2411 2515 quae
2448 2428 2627 2497 vobis

589 2541 839 2629 reliquit
875 2541 1134 2610 Francis
1166 2542 1565 2628 reliqueritis,
1600 2542 1787 2611 illecti
1827 2551 1934 2609 aut
1963 2562 2122 2610 vana
2154 2562 2265 2630 spe
2304 2563 2434 2610 suae
2470 2543 2625 2611 libe·

588 2655 874 2738 rationiS‚
917 2666 1023 2724 aut
1060 2666 1298 2724 terrore
1337 2656 1434 2724 sui
1477 2655 1791 2724 cruciatus
1831 2667 1937 2724 aut
1968 2656 2074 2722 filii
2117 2656 2164 2721 F
2168 2656 2439 2726 riderici.
2478 2657 2627 2725 Haec

588 2782 897 2859 praecepta
944 2773 1386 2861 magnanimus
1435 2784 1611 2861 pater
1658 2772 1986 2860 generosis
2030 2772 2173 2841 filiis
2218 2773 2411 2843 dedit.
2462 2773 2625 2841 Sen-

589 2887 751 2955 tiunt
796 2887 859 2954 in
897 2888 1078 2956 vobis
1125 2889 1340 2956 hostes
1385 2907 1516 2956 non
1561 2907 1632 2954 se
1665 2897 1864 2955 totum
1912 2886 2157 2974 cepisse
2188 2885 2619 2968 Godefridum,

588 3001 816 3069 auxilia
855 3001 1132 3089 undique
1169 3012 1561 3090 comparate,
1604 3000 1969 3070 liberatores
2006 3000 2251 3088 patriae,
2293 3020 2407 3067 vos
2445 3000 2624 3067 simi·-

589 3116 682 3184 les
721 3117 877 3204 patri
922 3117 984 3184 in
1025 3117 1320 3186 omnibus
1356 3126 1797 3205 repraesentate
1833 3114 1942 3206 (4).
1984 3142 2018 3180 »
2056 3117 2363 3185 Caeterum
2402 3116 2518 3184 alia
2556 3135 2625 3183 se

663 3345 733 3418 (1)
761 3345 822 3400 D.
855 3345 1115 3418 Bouquet,
1148 3352 1186 3400 t.
1222 3359 1299 3412 tx,
1332 3361 1381 3416 p.
1413 3343 1537 3400 279.
1572 3341 1797 3399 Dominae
1823 3341 1992 3400 imiza}
2014 3346 2306 3413 GerbertuS,
2338 3361 2469 3400 anno
2498 3345 2624 3401 984.

661 3439 734 3514 (2)
763 3441 1055 3509 chhcriuS,
1083 3441 1172 3496 lib.
1207 3455 1288 3508 111,
1322 3457 1431 3512 cap.
1466 3440 1697 3496 97-108.

664 3539 734 3612 (3)
765 3539 826 3594 D.
851 3540 1103 3612 Bouquet,
1144 3547 1182 3595 t.
1225 3554 1302 3606 tx,
1333 3556 1382 3611 p.
1420 3538 1543 3594 282.
1576 3537 1790 3594 Beati-ici
1822 3539 1936 3595 duci
1967 3557 2030 3594 ex
2059 3556 2271 3610 persona
2300 3539 2627 3595 Adalberonis

585 3633 740 3704 epist.
760 3676 772 3700 ‚
803 3649 934 3688 anno
964 3633 1088 3689 984.
2024 3699 2029 3704 ‚

666 3725 736 3797 (4)
766 3725 828 3782 D.
862 3725 1092 3798 Bouquet
1116 3771 1128 3793 ,
1170 3733 1207 3782 t.
1250 3741 1336 3795 lx,
1376 3744 1426 3799 p.
1469 3727 1594 3784 282.
1635 3726 1932 3782 Adalberoni
1961 3734 2135 3784 vocato
2168 3728 2400 3800 episcopo
2440 3728 2625 3783 Virdu-

589 3820 739 3877 nensi
767 3826 817 3876 et
841 3820 1128 3877 Hermanno
1157 3821 1396 3878 fratribus
1417 3822 1644 3878 Gerberti
1666 3805 1837 3896 epist„
1860 3839 1991 3879 anno
2011 3824 2134 3880 985.
2154 3856 2223 3865 —-
2237 3824 2375 3881 Talia
2395 3825 2623 3880 Mathildi
