3100 4792
1551 473 1639 547 38

575 669 710 720 sem
747 650 1118 739 principem,
1160 651 1290 719 imo
1327 671 1524 719 unum
1564 673 1601 720 e
1638 652 1771 720 suis
1807 673 2036 722 vexare
2073 673 2201 723 non
2236 655 2617 725 dubitarent.

547 767 556 778 '
667 766 739 834 ld
789 765 1100 853 imprimis
1137 776 1317 834 curat
1369 766 1582 855 nugo,
1626 777 1696 835 ut
1747 787 1783 835 a
1838 768 1998 857 Papa
2054 769 2356 838 Arnulsus
2403 771 2468 838 in
2510 770 2619 859 jus

574 892 859 962 vocetur,
901 891 965 950 et
1010 883 1087 950 ab
1126 901 1204 950 eo
1255 883 1631 950 sententiam
1680 895 1885 972 rogat.
1936 907 1967 946 ι
2006 883 2204 952 Novis
2240 896 2428 972 atque
2473 885 2621 952 inu·-

577 995 779 1064 sitatis
827 997 1019 1064 rebus
1067 995 1373 1084 permoti,
1430 1017 1684 1066 summo
1741 997 1951 1067 studio
2004 1018 2379 1085 summaque
2428 1019 2614 1082 cura,

574 1123 782 1181 vestra
821 1110 1082 1180 consilia
1118 1111 1464 1201 expetenda
1503 1111 1903 1181 decernimus
1947 1112 2239 1200 :quippe
2268 1131 2413 1180 cum
2452 1113 2620 1181 scia-

574 1247 722 1294 mus
778 1247 896 1295 vos
955 1245 1145 1294 omne
1205 1237 1455 1314 tempus
1508 1226 1575 1294 in
1630 1226 1924 1294 humanis
1982 1246 2057 1293 ac
2108 1225 2337 1294 divinis
2395 1226 2621 1294 studiis

573 1339 888 1428 exegisse.
943 1339 1350 1408 Considerate
1405 1360 1561 1428 ergo
1611 1359 1751 1426 quae
1808 1340 1968 1408 facta
2024 1351 2173 1408 sunt
2224 1351 2289 1408 et
2336 1339 2619 1408 facienda

573 1454 959 1541 praescribite
997 1477 1012 1522 ε
1057 1464 1125 1522 ut
1165 1464 1230 1522 et
1265 1454 1462 1522 sacris
1498 1453 1744 1541 legibus
1792 1474 1947 1522 suus
1985 1454 2188 1522 honor
2224 1454 2521 1523 reddatur
2557 1466 2621 1523 et

574 1570 805 1658 regalis
842 1579 1122 1657 potestas
1153 1589 1283 1636 non
1321 1568 1759 1636 annulletur...
1798 1568 1970 1655 Ergo
2012 1568 2121 1655 qui
2151 1567 2322 1636 vices
2360 1579 2618 1655 aposto-

572 1687 780 1754 lorum
827 1686 1086 1766 tenetiS‚
1137 1684 1388 1752 statuite
1426 1683 1576 1770 quid
1614 1683 1693 1752 de
1739 1683 1934 1750 altero
1969 1682 2128 1750 Juda
2178 1682 2310 1750 fieri
2357 1681 2614 1765 debeat,

455 1805 459 1808 ’
572 1818 656 1866 ne
703 1815 935 1863 nomen
991 1795 1102 1863 Dei
1155 1815 1268 1882 per
1321 1814 1440 1862 nos
1489 1795 1957 1883 blasphemetur
2008 1807 2070 1863 et
2118 1817 2199 1864 ne
2246 1797 2405 1863 sorte
2442 1795 2618 1883 justo

574 1913 792 1981 dolore
847 1911 1117 1999 permoti
1167 1931 1242 1979 ac
1297 1922 1506 1980 vestra
1568 1911 2018 1986 taciturnitate.
2079 1912 2253 1980 urbis
2304 1911 2618 1980 excidium

573 2025 893 2111 totiusque
926 2024 1262 2113 provinciae
1295 2024 1629 2091 moliamur
1661 2022 2049 2091 incendium.
2086 2023 2220 2092 Nec
2246 2022 2278 2090 .1
2288 2022 2452 2092 udici
2486 2025 2617 2092 Deo

574 2145 1046 2218 excusationem
1105 2144 1540 2232 praetendetiS‚
1604 2144 1657 2210 si
1712 2142 1897 2210 nobis
1954 2141 2381 2229 quaerentibus
2432 2152 2619 2229 atque

575 2260 1038 2348 ignorantibus,
1076 2261 1342 2327 sormam
1368 2259 1587 2346 judicii
1623 2258 1774 2326 dare
1805 2257 2135 2326 nolueritis
2164 2256 2274 2347 (l).
2318 2281 2351 2319 »

665 2375 1034 2444 Remorum*
1064 2393 1318 2461 quoque
1368 2373 1721 2442 dioeceseos
1770 2371 2149 2460 suflraganei
2196 2382 2267 2440 ut
2316 2370 2652 2438 Arnulfus'

573 2510 610 2557 a
661 2489 812 2558 sede
862 2499 1260 2557 removeatur
1317 2489 1661 2578 postulant.
1724 2479 1852 2555 α’...
1908 2487 2051 2576 Non
2104 2507 2329 2555 sumus
2384 2485 2617 2566 nescii,

571 2603 940 2674 beatissime
1001 2602 1215 2686 Pater,
1283 2603 1655 2692 jamdudum
1717 2603 2075 2692 oportuisse
2144 2622 2263 2670 nos
2328 2611 2621 2689 expetere

573 2722 860 2793 consulta
899 2734 1132 2790 sanctae
1164 2743 1441 2791 romanae
1477 2723 1760 2792 ecclesiae
1797 2743 1911 2812 pro
1950 2722 2131 2790 ruina
2168 2705 2355 2809 atque
2385 2741 2618 2789 occasu

573 2840 980 2910 sacerdotalis
1017 2840 1257 2908 ordinis
1294 2861 1310 2908 :
1350 2841 1462 2909 sed
1499 2839 1901 2908 multitudine
1932 2850 2341 2928 tyrannorum
2383 2837 2611 2925 pressi,

573 2953 966 3043 longitudine
1015 2965 1324 3022 terrarum
1376 2953 1637 3036 remoti,
1690 2952 1999 3022 desideria
2043 2962 2261 3020 nostra
2312 2953 2618 3021 hactenus

513 3097 521 3106 ·
572 3068 834 3156 implere
867 3067 1290 3155 nequivimus,
1316 3067 1500 3135 Nunc
1530 3066 1741 3154 itaque
1771 3076 1982 3134 vestro
2014 3065 2287 3135 examini
2318 3086 2450 3134 non
2482 3065 2618 3134 sine

573 3197 807 3265 magno
839 3179 1057 3247 dolore
1090 3177 1464 3266 perferimus
1494 3197 1732 3245 novum
1762 3188 1949 3265 atque
1978 3177 2345 3246 inusitatum
2378 3177 2617 3246 crimen

573 3294 816 3360 Arnulfi
861 3294 1212 3362 Remorum
1267 3292 1776 3381 Archiepiscopi‚
1820 3293 1927 3380 qui
1954 3345 1973 3375 ‚
2018 3293 2300 3362 famosus
2338 3303 2620 3380 apostata

574 3409 800 3493 factuS,
829 3411 1034 3478 locum
1057 3409 1089 3476 J
1099 3408 1236 3476 udae
1257 3407 1577 3476 traditoris
1602 3408 1751 3476 olim
1778 3408 1842 3475 in
1865 3407 2129 3479 ecclesia
2151 3419 2347 3477 tenet.
2362 3457 2378 3476 .
2393 3457 2410 3474 .
2440 3409 2557 3494 (2).
2585 3436 2617 3466 n

574 3523 782 3607 Quum
823 3525 1063 3593 nullum
1105 3544 1482 3612 responsum
1525 3546 1558 3590 a
1599 3545 1757 3613 papa
1792 3524 2055 3602 veniret,
2094 3544 2200 3592 rex
2227 3536 2290 3591 et
2312 3521 2614 3611 episcopi,

549 3793 556 3799 ·
645 3775 716 3846 (1)
746 3774 1076 3831 Sacrosancta
1106 3775 1340 3831 concilia.
1376 3773 1541 3830 Labbe
1564 3817 1576 3841 ,
1611 3780 1649 3828 t.
1685 3786 1739 3829 lx
1760 3817 1773 3840 ,
1806 3774 1903 3830 col.
1938 3772 2057 3828 737.

644 3871 717 3943 (ἓ)
748 3869 857 3932 ld..
897 3870 1053 3933 ibid„
1090 3870 1186 3925 col.
1224 3869 1346 3926 738.
