3100 4792
1548 495 1637 566 54

485 657 490 663 ’
563 660 647 729 sit
674 660 1009 730 idolorum.
1054 659 1274 742 Absit,
1317 659 1480 728 absit
1514 670 1586 727 ut
1631 661 1794 728 hanc
1838 659 2131 747 injuriam
2171 659 2373 744 Petri,
2414 661 2611 732 immo

561 775 817 858 Christi,
844 775 1067 864 aliquis
1103 774 1483 844 christianus
1523 775 1788 843 libenter
1825 775 2063 858 audiat,
2104 786 2168 844 et
2198 777 2334 845 zelo
2359 777 2470 846 Dei
2502 798 2613 847 cor

560 891 698 980 ejus
719 903 935 961 contra
956 893 1144 961 talem
1160 891 1434 961 heresim
1456 912 1585 959 non
1611 893 2022 960 accendatur!
2043 921 2075 954 n
2094 893 2393 962 Gallicam
2414 895 2613 962 eccle-

561 1009 720 1077 siam
735 1007 956 1076 litteris
970 1018 1033 1077 et
1049 1008 1332 1078 doctrina
1355 1020 1652 1097 praestare
1675 1009 2031 1078 confitetur.
2054 1011 2151 1077 Ad
2177 1012 2301 1078 hoc
2322 1010 2610 1078 attendas

560 1145 746 1213 rogo,
771 1123 984 1192 Galliae
1006 1123 1242 1192 scilicet
1265 1123 1623 1211 episcopoS,
1660 1124 1840 1212 quasi
1873 1125 2208 1194 litteratam
2240 1123 2603 1206 factionem,

558 1237 838 1327 profanis
893 1236 1114 1305 litteris
1173 1247 1237 1305 et
1290 1237 1703 1325 philosophiae
1760 1237 2015 1307 studere
2037 1290 2055 1320 ,
2117 1237 2389 1306 Romam
2454 1256 2609 1305 vero

556 1354 926 1443 ignorantiae
984 1353 1250 1441 caligine
1317 1353 1498 1441 quasi
1566 1355 1856 1422 obrutam
1924 1355 2143 1423 latere.
2227 1378 2259 1418 α
2328 1353 2406 1420 Et
2461 1352 2604 1440 quia

557 1473 771 1542 vicarii
818 1471 982 1540 Petri
1041 1481 1106 1539 et
1152 1469 1292 1560 ejus
1336 1469 1625 1559 discipuli
1670 1471 1895 1539 nolunt
1949 1472 2182 1541 habere
2232 1470 2605 1558 magistrum

557 1586 917 1669 Platonem,
979 1605 1185 1673 neque
1241 1584 1571 1673 Virgilium
1594 1636 1613 1668 ,
1673 1605 1880 1673 neque
1934 1583 2337 1659 Terentium.
2400 1602 2608 1670 neque

556 1709 802 1767 ceteros
840 1698 1113 1786 pecudes
1151 1698 1706 1786 philosophorum,
1750 1699 1857 1786 qui
1895 1698 2163 1767 volando
2202 1699 2499 1786 superbe,
2536 1707 2607 1764 ut

557 1813 691 1881 avis
723 1833 961 1895 aerem,
990 1822 1054 1878 et
1091 1821 1492 1900 emergentes
1523 1811 1589 1879 in
1621 1811 2033 1899 profundum,
2061 1823 2131 1880 ut
2160 1812 2367 1900 pisces
2402 1831 2603 1891 mare,

554 1937 620 1995 et
653 1937 724 1994 ut
758 1946 986 2014 pecora
1020 1925 1378 2013 gradientes
1417 1936 1648 1994 terram
1685 1926 2156 2014 descripserunt
2192 1947 2206 1992 ε
2251 1924 2455 1993 dicitis
2492 1943 2606 1992 eos

551 2061 677 2110 nec
712 2039 1049 2110 hostiarios
1086 2040 1316 2109 debere
1354 2060 1531 2122 esse,
1564 2025 1718 2128 'quia
1758 2039 1863 2108 tali
1901 2039 2179 2109 carmine
2214 2039 2436 2107 imbuti
2473 2059 2606 2107 non

555 2166 731 2223 sunt.
773 2155 895 2223 Pro
927 2175 1048 2242 qua
1082 2175 1150 2222 re
1184 2154 1433 2236 sciatis,
1470 2175 1584 2222 eos
1615 2175 1758 2222 esse
1790 2154 2089 2222 mentitos
2119 2207 2134 2230 ‚
2178 2153 2286 2240 qui
2325 2153 2468 2220 talia
2504 2153 2605 2220 di-

553 2283 805 2340 xerunt.
862 2273 1024 2340 Nam
1077 2271 1297 2339 Petrus
1347 2292 1476 2339 non
1535 2271 1712 2340 novit
1746 2272 1925 2354 talia,
1978 2284 2040 2340 et
2086 2270 2428 2339 hostiarius
2464 2269 2600 2338 coeli

554 2392 816 2461 effectus
863 2402 993 2473 est,
1045 2390 1185 2478 ipso
1234 2390 1503 2459 Domino
1555 2390 1613 2458 ei
1664 2390 1910 2459 dicente
1958 2413 1973 2458 ε
2031 2390 2142 2458 tibi
2188 2390 2353 2457 dabo
2400 2389 2602 2457 claves

554 2506 735 2593 regni
776 2505 1107 2573 coelorum.
1146 2504 1326 2573 Unde
1376 2504 1512 2592 ejus
1551 2505 1768 2574 vicarii
1805 2516 1869 2574 et
1915 2504 2053 2593 ejus
2091 2504 2377 2592 discipuli
2416 2524 2606 2592 apos-

555 2621 761 2689 tolicis
784 2631 847 2689 ct
868 2621 1247 2709 evangelicis
1285 2634 1431 2689 sunt
1463 2621 1733 2690 instituti
1765 2622 2095 2705 doctrinis,
2123 2633 2186 2691 et
2217 2643 2346 2689 non
2379 2631 2605 2690 ornatu

556 2753 951 2816 sermonum,
989 2734 1100 2802 sed
1133 2733 1376 2803 ratione
1408 2744 1472 2803 et
1503 2755 1697 2804 sensu
1722 2737 2087 2818 verborum,
2123 2736 2267 2824 quia
2300 2735 2604 2824 scriptum

555 2859 655 2917 est
692 2869 707 2915 ε
758 2846 976 2915 Stulta
1022 2847 1256 2915 mundi
1299 2848 1482 2937 eleyit
1524 2849 1695 2917 Deus
1743 2858 1817 2917 ut
1865 2845 2214 2938 conmudat
2247 2850 2467 2936 fortia.
2523 2851 2605 2918 Et

557 2963 637 3030 ab
672 2961 849 3029 initio
882 2960 1100 3028 mundi
1138 2981 1268 3028 non
1307 2961 1496 3049 elegit
1532 2964 1703 3030 Deus
1741 2973 2023 3032 oratores
2060 2974 2125 3032 et
2159 2964 2595 3052 philosophoS,

557 3081 672 3150 sed
707 3080 1032 3148 illiteratos
1078 3091 1143 3148 et
1187 3080 1480 3150 rusticos.
1525 3081 1649 3150 Sed
1689 3103 1817 3151 non
1857 3093 1956 3152 est
1998 3082 2255 3162 mirum,
2298 3083 2351 3150 si
2387 3084 2599 3153 vicarii

558 3195 723 3264 Petri
742 3217 777 3264 a
796 3196 1354 3285 pseudoepiscopis
1371 3198 1658 3280 audiunt,
1678 3200 1848 3286 quod
1863 3199 1998 3288 ipse
2016 3221 2051 3268 a
2070 3200 2295 3269 scribis
2316 3211 2379 3268 et
2393 3203 2596 3288 phari-

561 3311 688 3380 seis
727 3311 984 3382 audivit.
1015 3312 1121 3400 qui
1159 3312 1238 3379 ad
1276 3311 1413 3399 ejus
1450 3311 1741 3399 injuriam
1780 3314 2097 3398 dicebant,
2124 3336 2271 3384 eum
2308 3316 2498 3384 idiota
2535 3328 2600 3385 et

554 3424 693 3494 sine
724 3425 944 3493 litteris
975 3445 1142 3504 esse,
1179 3437 1244 3494 et
1273 3425 1618 3495 deridendo
1650 3427 1943 3496 dicebant
1971 3411 1994 3496 :¹
2016 3428 2224 3497 Maslo
2243 3430 2425 3516 pleni
2450 3439 2603 3499 sunl

553 3539 686 3607 isti.
747 3539 928 3608 Unde
976 3539 1155 3607 Jahel
1206 3529 1512 3628 propheta
1549 3541 1900 3610 coecitatem
1950 3543 2201 3611 illorum
2239 3543 2596 3633 redarguit3

555 3654 661 3742 qui
698 3656 862 3724 inter
897 3667 1102 3725 cetera
1140 3657 1234 3725 sic
1269 3656 1355 3724 ait
1390 3677 1408 3725 :
1446 3666 1502 3725 el
1538 3657 1801 3746 quidem
1834 3680 2027 3747 super
2075 3680 2284 3727 servos
2332 3680 2501 3728 meos
2544 3671 2600 3730 el

549 3790 742 3857 saper
777 3770 1046 3838 ancillas
1081 3791 1258 3838 meas·
1293 3769 1618 3859 effundam
1654 3771 1731 3838 de
1765 3771 2003 3859 spirita
2032 3792 2167 3839 meo
2181 3795 2211 3855 ,·
2243 3791 2372 3840 non
2408 3792 2600 3859 super

551 3883 877 3970 phariseos
909 3895 1017 3952 aut
1046 3885 1238 3954 falsos
1272 3886 1635 3955 sacerdotes
1666 3885 1772 3973 qui
1804 3885 2021 3954 dicunt
2052 3907 2122 3955 se
2144 3908 2338 3957 nosce
2366 3889 2591 3970 Deum,
