3100 4792
1480 449 1559 518 41

501 619 908 688 decretalium
944 619 1254 700 doctrina,
1290 637 1492 707 nuper
1521 619 1589 685 in
1612 617 1872 686 Galliam
1902 617 2109 701 allata,
2138 639 2261 705 qua
2280 638 2543 706 promo-

502 747 604 802 tor
640 734 885 803 concilii
925 735 1104 822 quasi
1155 734 1492 822 impeditus
1537 754 1609 801 se
1646 730 1939 820 expedire
1984 734 2211 801 frustra
2251 744 2537 803 conatur.

503 847 745 916 Idcirco
790 849 966 936 plura
1019 848 1085 916 in
1134 849 1482 917 monachos
1548 848 1803 916 retorsit
1871 848 2206 930 Arnulfus,
2274 869 2413 935 quae
2476 850 2543 916 in

502 983 701 1030 unum
737 983 774 1030 a
814 963 1117 1032 Get-berto
1156 974 1456 1050 congesta
1489 972 1639 1030 sunt
1678 963 1794 1048 (l).
1832 961 1983 1029 Haec
2019 973 2117 1030 est
2151 963 2411 1030 illustris
2443 964 2543 1031 di·-

503 1089 796 1165 sertaque
841 1078 1296 1164 gallicanarum
1353 1077 1781 1146 doctrinarum
1839 1077 2171 1165 professio,
2221 1077 2544 1160 Quosdam

505 1195 760 1264 afferam
792 1195 992 1264 locos.
2469 1254 2478 1264 .

593 1309 798 1390 Quam
825 1328 1082 1377 romana
1119 1310 1381 1378 ecclesia
1412 1309 1637 1397 repetit
1667 1306 2106 1388 reverentiam,
2142 1306 2303 1373 intra
2336 1316 2545 1374 certos

505 1423 664 1491 fines
701 1435 913 1492 orator
951 1436 1224 1494 coercet„
1281 1450 1314 1488 «
1356 1425 1489 1492 Nos
1524 1443 1702 1505 vero,
1744 1421 2249 1491 reverendissimi
2294 1431 2539 1510 patres,

505 1561 830 1610 romanam
863 1543 1192 1612 ecclesiam
1226 1555 1478 1632 propter
1507 1543 1582 1609 B.
1620 1541 1785 1610 Petri
1816 1541 2187 1610 memoriam
2218 1542 2543 1610 honoran-

505 1657 650 1724 dam
709 1659 1143 1740 dccernimus,
1199 1678 1321 1728 nec
1376 1657 1646 1726 decretis
1704 1675 2109 1724 romanorum
2166 1654 2545 1723 Pontificum

505 1772 759 1844 obviare
826 1773 1304 1856 contendimus3
1373 1774 1542 1841 salva
1599 1785 1811 1842 tamen
1873 1771 2241 1840 auctoritate
2305 1770 2543 1839 Nicaeni

462 1885 749 1956 'concilii
774 1937 792 1967 ,
833 1886 1003 1973 quod
1053 1886 1273 1954 eadem
1323 1905 1584 1953 romana
1634 1884 1898 1952 ecclesia
1957 1904 2206 1970 semper
2249 1893 2545 1952 venerata

507 2010 689 2070 cst...
730 1999 892 2081 Quid
933 1999 1126 2086 ergo?
1161 2020 1313 2066 num
1356 1998 1681 2086 privilegio
1714 1998 1955 2065 romani
1996 1997 2315 2065 Pontificis
2351 1996 2543 2065 dero-

507 2113 838 2199 gabimus‘?
869 2114 1152 2182 minime.
1191 2114 1314 2182 Sed
1347 2114 1401 2182 si
1433 2134 1735 2181 romanus
1766 2113 2100 2201 episcopus
2138 2113 2193 2180 is
2224 2123 2323 2180 est
2353 2134 2542 2200 quem

506 2226 766 2295 scientia
803 2238 867 2295 et
901 2228 1042 2295 vitae
1079 2229 1373 2296 meritum
1410 2228 1841 2304 commendet3
1880 2247 1999 2296 nec
2036 2227 2389 2302 silentium,
2424 2247 2544 2294 nec

504 2359 666 2420 nova
706 2342 1066 2410 constitutio
1104 2342 1440 2411 metuenda
1478 2352 1650 2410 sunt.
1688 2341 1871 2423 Quod
1909 2341 1962 2408 si
2001 2341 2098 2408 vel
2149 2340 2538 2427 ignorantia,

506 2453 604 2522 vel
629 2467 826 2536 metu,
864 2455 960 2523 vel
996 2455 1331 2542 cupiditate
1363 2455 1771 2536 abalienatur,
1807 2455 1907 2522 vel
1938 2454 2215 2522 conditio
2245 2452 2543 2520 invidiam

505 2567 684 2649 facit,
727 2569 895 2654 quod
931 2570 1062 2636 fere
1099 2571 1219 2637 sub
1249 2570 1388 2638 haec
1431 2565 1712 2657 tempora
1742 2569 2039 2652 vidimus,
2075 2569 2295 2638 Romae
2326 2581 2543 2656 tyran-

505 2680 654 2750 nide
685 2682 1090 2769 praevalente3
1121 2692 1272 2749 tunc
1292 2682 1492 2749 multo
1522 2681 1737 2749 minus
1760 2680 1926 2749 idem
1952 2680 2267 2749 silentium
2290 2691 2353 2748 et
2378 2699 2543 2747 nova

505 2797 868 2864 constitutio
921 2796 1310 2864 formidanda
1359 2808 1530 2865 sunt.
1586 2797 1729 2880 Non
1780 2795 1950 2863 enim
2000 2795 2057 2862 is
2108 2794 2215 2881 qui
2267 2793 2545 2880 quolibet

506 2909 697 2977 modo
734 2920 952 2977 contra
982 2910 1156 2997 leges
1195 2921 1315 2993 est,
1357 2909 1603 2997 legibus
1642 2907 2047 2997 praejudicare
2094 2917 2301 2995 potest
2338 2907 2456 2993 (Ξ).
2502 2931 2536 2970 »

597 3024 667 3091 ln
705 3024 984 3092 medium
1016 3037 1200 3094 vocat
1223 3025 1456 3112 flagitia
1484 3025 1713 3112 quibus
1751 3023 2091 3112 apostolica
2124 3023 2309 3092 sedes
2353 3022 2541 3091 soeda-

505 3148 630 3205 tur.
662 3164 697 3204 «
731 3138 855 3207 Sed
893 3160 932 3207 o
969 3140 1240 3228 lugenda
1277 3141 1504 3221 Roma,
1547 3160 1687 3227 quae
1723 3139 1958 3223 nostris
1994 3138 2339 3227 maioribus
2376 3137 2541 3206 clara

503 3266 752 3342 patrum
789 3256 1023 3324 lumina
1061 3257 1406 3345 praebuisti,
1443 3257 1677 3324 nostris
1713 3256 2101 3345 temporibus
2146 3267 2540 3324 monstrosas

503 3369 832 3451 tenebras,
876 3370 1084 3437 futuro
1133 3370 1364 3439 saeculo
1408 3371 1686 3438 famosas
1735 3367 2045 3438 effudisti!
2087 3369 2249 3436 Olim
2290 3369 2538 3456 accepi-

576 3651 648 3722 (1)
681 3652 877 3707 Arnulfi
907 3651 1195 3709 liberiorem
1223 3652 1501 3709 orationem
1528 3653 1583 3707 in
1612 3652 1875 3707 historiam
1903 3651 2125 3706 inserere
2156 3667 2255 3706 non
2284 3667 2439 3707 ausus
2463 3658 2544 3706 est

503 3747 782 3802 monachus
811 3748 1080 3805 RicheruS.

578 3839 648 3912 (Ξ)
679 3841 798 3898 Rer.
833 3841 1010 3898 Gallie.
1045 3843 1256 3915 script.,
1289 3849 1324 3898 t.
1355 3858 1424 3898 x.-
1451 3860 1499 3914 p.
1533 3841 1658 3898 523.

2197 3947 2258 4008 3,
